1826 3152
898 118 954 189 {34

730 259 942 303 inimicam
970 259 1117 304 findite
1147 260 1295 304 rostris

374 331 500 375 Hanc
530 337 688 375 terram
718 331 964 390 sulcumque
995 331 1077 376 sibi
1106 337 1271 390 premat
1300 332 1394 390 ipsa
1423 330 1574 375 carina.

282 414 476 468 Accedit,
507 414 623 471 quod
644 414 820 458 verbum
839 415 1019 472 spirant
1046 414 1127 457 hoc
1146 414 1239 458 loco
1260 414 1429 457 minime
1450 414 1684 471 significatu

160 485 409 543 pervulgato
446 500 472 528 a
507 484 703 543 Vergilio
739 491 989 544 usurpatum
1025 491 1101 529 est.
1161 485 1298 529 Immo
1334 501 1447 539 cum,
1483 489 1684 542 quantum

160 557 260 611 scio,
291 562 459 614 praeter
488 555 601 599 hunc
630 556 770 599 locum
800 571 1008 614 nusquam
1037 556 1120 599 nisi
1151 555 1205 600 G.
1235 556 1273 602 I.
1308 559 1406 601 327.
1465 556 1684 613 fervetque

155 629 283 683 fretis
313 628 593 685 spirantibus
624 641 788 683 aequor
824 626 878 670 de
915 628 1042 687 maris
1079 633 1200 670 aestu
1237 626 1396 670 dictum
1432 628 1683 681 inveniatur,

155 698 352 742 facillime
383 697 573 741 accidere
604 702 784 755 poterat,
814 703 863 741 ut
883 712 1021 741 sermo
1052 697 1244 740 insuetus
1265 697 1504 741 aboleretur
1533 703 1577 741 et
1606 713 1683 756 per

156 770 440 813 coniecturam
471 785 568 812 cum
588 784 781 812 sermone
803 769 1021 812 usitatiore
1044 774 1088 812 et
1106 769 1239 826 magis
1261 768 1460 823 dilucido,
1489 770 1681 826 quamvis

153 841 274 896 falso,
304 846 625 900 permutaretur.
669 841 830 884 Tamen
851 841 994 885 nescio
1025 856 1079 884 an
1099 856 1189 884 rem
1208 840 1363 884 rectius
1384 840 1445 883 ita
1464 841 1682 898 explicem,

156 918 204 954 ut
240 918 315 954 aut
350 918 527 970 propter
557 911 875 955 similitudinem
904 912 1119 955 literarum
1147 912 1189 954 E
1219 917 1263 954 et
1291 912 1318 955 I
1346 912 1478 956 verba
1506 927 1682 970 sperare

156 988 200 1026 et
229 984 402 1041 spirare
438 988 677 1041 permutata
714 983 799 1025 sint
835 988 909 1025 aut
944 983 1139 1026 librarius
1177 997 1230 1025 ex
1266 997 1415 1026 versus
1453 984 1680 1041 superioris

155 1070 262 1099 voce
295 1054 586 1098 SPEculatus
622 1060 709 1098 tres
747 1054 911 1112 priores
947 1055 1090 1098 literas
1127 1054 1172 1097 in
1208 1069 1380 1098 versum
1417 1057 1500 1098 291
1545 1060 1681 1099 trans-

154 1126 301 1171 tulerit
330 1131 374 1169 et
408 1126 632 1169 SPErant
661 1125 888 1184 scripserit,
919 1124 1033 1183 quod
1061 1124 1260 1170 credibile
1282 1132 1358 1181 est,
1389 1141 1485 1170 cum
1503 1132 1680 1185 utraque

155 1213 241 1241 vox
272 1197 426 1240 iisdem
446 1198 580 1240 literis
602 1197 672 1240 SP
692 1197 879 1254 incipiat.
925 1198 1118 1253 Sperant
1136 1203 1278 1241 autem
1298 1213 1392 1241 cum
1412 1213 1499 1242 non
1517 1199 1680 1242 intelle-

151 1274 341 1326 geretur,
382 1268 534 1312 collato
571 1284 613 1312 v.
646 1270 731 1312 290
769 1268 1020 1325 speculatus
1057 1268 1187 1312 litora
1221 1269 1417 1313 Tarchon
1453 1269 1498 1313 in
1533 1274 1682 1327 sperat

153 1345 363 1383 mutatum
394 1346 471 1383 est.
516 1339 649 1392 Quod
679 1354 773 1383 esse
804 1340 978 1396 antiquo
1008 1345 1198 1397 tempore
1218 1341 1375 1384 factum
1395 1341 1521 1384 docet
1541 1341 1679 1386 Servii

151 1410 391 1455 adnotatio:
423 1412 627 1468 „spirant
654 1411 808 1467 legitur
838 1416 882 1453 et
900 1415 1083 1468 sperat&
1134 1411 1350 1455 Librarios
1381 1418 1522 1455 autem
1552 1427 1678 1470 saepe

152 1482 196 1525 in
228 1483 467 1541 superiores
500 1497 648 1527 versus
680 1482 941 1525 aberravisse
973 1487 1018 1525 et
1042 1480 1142 1525 inde
1162 1497 1318 1540 paucas
1337 1483 1481 1526 literas
1505 1483 1549 1526 in
1571 1498 1678 1538 eum,

149 1569 279 1611 quem
309 1555 561 1608 scribebant,
593 1569 764 1598 versum
794 1553 1074 1607 transtulisse,
1104 1554 1207 1597 satis
1234 1559 1383 1598 notum
1412 1560 1480 1598 est
1509 1560 1554 1598 et
1582 1569 1678 1612 per-

148 1625 292 1667 multis
325 1625 530 1681 exemplis
562 1640 616 1667 ex
646 1625 802 1666 nostris
834 1624 1051 1671 codicibus
1080 1625 1259 1681 sumptis
1281 1626 1557 1668 confirmatur.
1608 1625 1678 1668 Ex

148 1695 302 1753 quibus
334 1694 439 1739 haec
469 1695 600 1753 eligo:

209 1778 283 1822 ecl.
314 1778 427 1826 VH.
460 1781 529 1823 55.

363 1851 522 1895 Omnia
551 1865 663 1894 nunc
693 1849 851 1894 rident:
883 1856 927 1894 at
958 1850 995 1895 si
1025 1850 1265 1896 formonsus
1296 1849 1446 1897 Alexis

362 1922 589 1966 Montibus
619 1922 686 1965 his
719 1923 854 1976 abeat,
885 1922 1032 1967 videas
1064 1928 1107 1966 et
1136 1924 1308 1967 flumina
1337 1924 1448 1969 sicca

142 1993 198 2038 P:
231 1993 401 2039 abeRIt
429 2000 606 2052 propter
634 1993 806 2037 RIdent
837 1996 905 2038 55.

205 2065 282 2108 ecl.
312 2064 424 2112 VII.
457 2067 528 2108 53.

361 2135 488 2180 Stant
519 2141 563 2179 et
593 2134 776 2194 iuniperi
808 2141 852 2181 et
880 2141 1099 2182 castaneae
1130 2135 1328 2183 hirsutae.

359 2205 504 2251 Strata
539 2207 679 2251 iacent
714 2210 873 2266 passim
910 2225 989 2253 sua
1006 2225 1208 2268 -quaeque
1246 2211 1326 2256 sub
1356 2208 1505 2255 arbore
1534 2224 1671 2270 poma.

138 2279 198 2325 P:
230 2278 337 2324 Isua
365 2285 541 2339 propter
570 2279 772 2338 iuniperI.

200 2352 311 2395 Aen.
340 2351 377 2395 I.
411 2353 509 2395 336.

354 2421 610 2480 Virginibus
640 2421 782 2481 Tyriis
813 2437 905 2468 mos
937 2429 1003 2468 est
1031 2430 1197 2483 gestare
1227 2423 1466 2485 pharetram

355 2493 661 2553 Purpureoque
692 2496 775 2539 alte
807 2511 926 2540 suras
956 2497 1117 2542 vincire
1147 2497 1366 2542 cothurno.

138 2565 195 2610 P:
227 2565 363 2610 RIras
394 2572 570 2624 propter
599 2566 784 2624 TyRIis.

197 2637 307 2681 Aen.
340 2636 427 2684 IV.
459 2639 529 2681 84.

350 2709 443 2753 Aut
470 2709 634 2768 gremio
664 2708 900 2756 Ascanium
927 2710 1131 2768 genitoris
1162 2711 1344 2771 imagine
1374 2718 1500 2773 capta
