1826 3152
863 162 920 209 27

193 352 195 354 η
252 291 423 336 Nullius
464 307 564 350 ergo
607 292 763 338 codicis
805 295 1052 339 auctoritate
1094 292 1219 337 lectio
1266 292 1397 336 limbo
1438 291 1626 335 firmatur
1638 302 1650 344 ς

134 378 231 407 nam
260 364 303 406 in
333 363 406 407 illo
437 364 660 408 Moretano
702 366 861 409 variam
895 366 1119 409 lectionem
1147 363 1489 423 propter.Servii
1518 362 1650 407 adno-

134 435 337 479 tationem
367 435 555 479 additam
585 451 677 480 esse
708 443 892 495 apparet.
951 469 952 472 η

253 517 375 569 Quae
398 533 493 561 cum
522 520 582 562 ita
612 520 707 574 sint,
737 536 839 563 num
858 526 970 564 recte
991 520 1073 564 viri
1104 519 1218 563 docti
1247 518 1346 562 inde
1377 534 1402 561 a
1431 516 1648 561 Ladevico

134 593 178 631 et
206 588 316 630 inter
346 603 418 631 eos
449 589 708 633 Ribbeckius
752 592 883 633 limbo
919 591 1170 647 receperint,
1212 589 1508 646 inquirendum
1553 603 1646 631 esse

132 664 249 716 puto.
324 659 475 703 Omnis
524 664 664 704 autem
711 661 814 704 haec
862 661 1052 719 quaestio
1101 660 1259 719 pendet
1306 660 1360 704 ab
1411 658 1648 716 indaganda

133 730 433 788 significatione
465 733 581 776 vocis
611 734 804 776 nimbus.

248 815 393 872 Atque
422 816 603 873 primum
633 816 803 874 quidem
823 817 1043 874 Wagnerl)
1075 822 1222 859 contra
1255 815 1479 858 lectionem
1516 814 1647 857 limbo

132 884 347 941 disseruit,
389 888 539 930 nimbo
583 888 792 944 effulyens
834 888 947 931 idem
990 903 1082 930 esse
1124 893 1239 930 ratus
1271 886 1386 943 quod
1416 901 1467 928 ea:
1497 886 1647 928 nimbo

134 957 322 1013 fulyens.
401 958 490 1010 Qui
526 959 731 1003 nimbum
765 959 879 1003 illam
908 960 1063 1003 nubem
1108 974 1160 1002 ex
1190 958 1368 1001 Homeri
1398 956 1649 1000 carminibus

133 1028 235 1070 satis
265 1034 409 1071 notam
439 1043 533 1072 esse
563 1035 695 1086 putat,
726 1046 832 1086 quae
864 1031 1038 1073 deorum
1068 1045 1243 1087 corpora
1273 1030 1403 1072 oculis
1432 1029 1648 1070 hominum

133 1099 353 1142 subtrahit.
413 1099 630 1145 Venerem
660 1101 772 1143 enim
791 1101 963 1144 Aeneae
996 1101 1140 1144 oculos
1170 1101 1231 1143 ita
1260 1100 1421 1143 acuisse
1444 1098 1558 1152 dicit,
1588 1103 1647 1151 ut,

131 1185 382 1227 quamquam
411 1171 523 1214 nube
543 1171 695 1214 amicta
725 1172 792 1225 sit,
822 1171 945 1214 deam
974 1172 1242 1215 nihilominus
1274 1171 1515 1227 conspiciat.
1562 1169 1648 1211 Sed

130 1241 233 1283 mihi
269 1241 374 1284 haec
417 1242 708 1300 interpretatio
739 1243 977 1287 verisimilis
1007 1258 1092 1286 non
1122 1242 1307 1297 videtur,
1343 1256 1456 1295 cum,
1499 1241 1535 1284 si
1565 1240 1651 1283 Mi-

131 1325 262 1354 nerva
291 1311 464 1354 Aeneae
495 1314 722 1370 conspicua
752 1319 834 1367 est,
876 1314 1042 1356 nimbus
1084 1314 1154 1355 ille
1198 1314 1366 1355 omnino
1397 1312 1534 1355 videri
1563 1327 1648 1354 non

129 1383 280 1441 possit,
311 1382 492 1441 ideoque
513 1384 696 1428 nesciam
717 1383 929 1442 quomodo
959 1389 1087 1443 poeta
1116 1383 1206 1427 eius
1226 1384 1482 1427 mentionem
1510 1382 1646 1426 facere

129 1454 328 1512 potuerit.

246 1526 347 1569 Alia
389 1531 530 1570 autem
573 1527 691 1571 vocis
733 1527 914 1570 nimbus
962 1527 1208 1585 significatio
1251 1526 1365 1585 apud
1407 1526 1647 1585 Vergilium

129 1597 360 1651 invenitur,
402 1612 509 1654 quae
550 1598 631 1640 hoc
671 1599 765 1640 loco
807 1598 986 1640 fortasse
1029 1598 1217 1640 adhiberi
1262 1603 1416 1654 potest.
1476 1598 1646 1639 Dicitur
1725 1609 1728 1612 ·

130 1669 241 1712 enim
270 1669 451 1712 nimbus
482 1668 535 1713 de
566 1669 773 1724 tenebris,
817 1684 924 1727 quae
967 1669 1219 1725 efficiuntur,
1266 1684 1360 1712 cum
1403 1668 1559 1712 multae
1603 1674 1647 1712 et

128 1755 284 1799 parvae
325 1755 393 1784 res
435 1740 480 1782 in
522 1745 616 1783 aere
646 1740 886 1783 volitantur.
958 1740 1009 1782 cf.
1040 1756 1079 1797 g.
1108 1740 1194 1782 111.
1236 1743 1334 1785 110.
1411 1741 1474 1782 At
1503 1740 1644 1783 fulvae

127 1813 295 1856 nimbus
328 1827 477 1855 arenae
508 1813 699 1856 Tollitur.

210 1928 212 1931 .
246 1894 452 1940 Claudian
472 1896 517 1938 in
535 1895 634 1939 Rus.
648 1894 709 1938 II.
733 1896 829 1937 176.
849 1895 1060 1953 „pulveris
1083 1895 1226 1937 extolli
1246 1895 1412 1938 nimbos
1435 1895 1601 1938 videres
1611 1898 1646 1937 !“

128 1968 176 2010 Si
217 1968 325 2009 hanc
367 1967 713 2023 significationem
755 1966 809 2010 ad
850 1967 961 2010 hunc
1002 1967 1141 2010 locum
1182 1966 1448 2021 adhibemus,
1493 1967 1646 2010 dicitur

127 2038 325 2081 Minerva
371 2036 571 2094 effulgere
615 2052 668 2079 ex
709 2038 894 2081 tenebris
937 2038 1040 2080 ortis
1085 2052 1162 2095 per
1206 2038 1393 2079 favillam
1441 2044 1645 2094 ustaeque

127 2109 324 2152 materiae
344 2108 569 2166 particulas
599 2109 644 2151 in
675 2114 769 2152 aere
801 2109 1024 2152 volitantes
1056 2114 1099 2151 et
1129 2108 1300 2151 fumum.
1345 2108 1485 2152 Causa
1505 2115 1644 2152 autem

126 2180 301 2239 fulgoris
332 2186 432 2224 sunt
457 2195 572 2224 arma
590 2179 731 2223 lucida
749 2180 964 2224 Tritoniae
995 2186 1038 2223 et
1069 2178 1270 2237 splendor
1289 2180 1476 2237 corporis
1498 2179 1645 2234 divini,

127 2267 211 2309 quo
242 2252 465 2309 splendore
496 2253 601 2295 miro
633 2252 746 2309 apud
775 2253 1015 2309 Vergilium
1046 2252 1213 2308 saepius
1256 2267 1432 2309 corpora
1470 2252 1646 2296 deorum

125 2322 298 2380 fulgent.
330 2322 380 2366 cf.
411 2322 519 2366 Aen.
550 2322 586 2366 I.
617 2324 716 2367 402.
746 2337 868 2366 rosea
896 2323 1058 2367 cervice
1088 2323 1264 2365 refulsit.

186 2395 297 2438 Aen.
329 2394 391 2437 H.
425 2397 523 2437 589.

304 2464 414 2509 Cum
442 2464 545 2508 mihi
576 2479 635 2519 se,
664 2480 751 2509 non
780 2471 877 2509 ante
907 2465 1037 2509 oculis
1069 2471 1156 2509 tam
1185 2466 1307 2520 clara,
1339 2467 1567 2510 videndam

304 2536 474 2580 Obtulit
503 2542 547 2580 et
575 2552 682 2594 pura
710 2553 787 2595 per
816 2542 984 2580 noctem
1013 2538 1058 2580 in
1087 2538 1180 2581 luce
1211 2538 1387 2583 refulsit.

243 2609 481 2653 Permultos
512 2608 616 2653 alios
645 2608 761 2652 locos
791 2614 1010 2667 poetarum
1031 2608 1291 2654 Graecorum
1321 2616 1365 2655 et
1384 2611 1648 2669 Latinorum,

247 2750 280 2795 ¹)
304 2725 480 2797 Wagner,
503 2750 679 2788 lectiones
703 2751 951 2797 Vergilianae.
998 2752 1177 2800 Philolog.
1202 2753 1318 2803 suppl.
1342 2754 1373 2791 I.
1398 2754 1477 2793 334.
