1826 3152
861 131 916 184 13

685 283 731 327 g.
764 269 843 315 III.
876 265 962 313 219
995 282 1088 327 sqq.

341 361 549 405 Pascitur
576 362 630 405 in
658 376 823 418 mayna
856 362 952 405 Sila
982 361 1210 418 formonsa
1238 362 1425 404 iuvenca
1433 378 1448 404 .·

342 434 420 476 Illi
450 435 715 476 alternantes
745 435 888 477 multa
918 434 965 476 υἱ
988 434 1159 490 proelia
1188 434 1374 476 miscent

352 504 609 547 Volnerz‘bns
640 505 812 560 erebm's,
845 505 955 548 lavit
982 509 1076 548 ater
1106 519 1286 561 corpora
1315 504 1499 560 sanyuis

354 576 569 632 Versaque
599 576 651 619 in
682 577 863 620 obnixos
893 580 1108 633 uryentnr
1138 591 1305 619 cornua
1335 580 1455 619 vasto

346 647 457 690 &tm
474 648 654 704 yemitu,
686 649 869 691 reboant
886 649 1105 704 silvaeque
1132 652 1174 691 et
1198 662 1388 704 maynus
1416 647 1643 703 Olympus

250 732 347 774 223.
368 730 437 773 M:
468 734 687 774 resonant.
714 757 770 762 ——
790 727 1037 777 LONGIV
1038 730 1069 774 S
1100 730 1139 787 (I
1164 730 1316 786 deleta)
1341 744 1436 787 pro:
1468 729 1650 772 reboant

129 827 185 832 —
216 816 419 857 maynuS.

270 899 312 927 v.
335 886 434 927 223.
464 884 726 927 Ribbeckius
758 900 852 927 cnm
882 884 1093 942 plerisque
1124 884 1229 938 aliis,
1261 885 1333 941 qui
1353 883 1538 940 Vergilii
1559 897 1648 925 car-

127 955 241 998 mina
269 961 588 1009 recensuerunt,
627 957 781 1012 lonyns
825 957 1038 1012 Olympus
1076 956 1232 1009 scribit,
1263 969 1514 1012 quamquam
1543 954 1647 995 haec

126 1026 253 1069 lectio
283 1027 456 1069 lectioni
476 1041 666 1083 maynus
694 1028 908 1084 Olympus
938 1042 1075 1083 neque
1096 1032 1270 1083 propter
1299 1027 1502 1069 librorum
1521 1040 1648 1067 manu

128 1098 379 1155 scriptorum
422 1113 559 1155 neque
609 1104 784 1156 propter
825 1098 999 1141 testium
1049 1098 1315 1154 antiquorum
1357 1097 1648 1140 auctoritatem

127 1184 264 1226 neque
294 1174 470 1226 propter
500 1184 730 1222 causarum,
761 1169 913 1225 quibus
935 1169 1007 1211 illa
1028 1168 1280 1222 defenditur,
1310 1169 1649 1226 probabilitatem

127 1239 404 1297 praeferenda
442 1245 518 1282 est.
578 1240 689 1282 Nam
726 1240 770 1281 in
811 1239 901 1282 solo
939 1239 1137 1282 Mediceo
1169 1240 1240 1282 illa
1268 1240 1393 1282 lectio
1425 1239 1649 1292 invenitur,

131 1310 326 1353 omnibus
357 1310 450 1353 aliis
482 1309 697 1353 codicibus
728 1309 1069 1363 adversantibus,
1099 1325 1235 1367 neque
1266 1310 1442 1353 tradidit
1471 1310 1650 1367 scriptor

128 1382 325 1438 antiquus
359 1383 513 1437 lonyns
539 1382 622 1424 nisi
651 1381 909 1434 Macrobius,
940 1387 1016 1424 sat.
1038 1381 1122 1426 VI.
1145 1384 1184 1424 4.
1207 1384 1276 1434 21,
1308 1396 1402 1423 cum
1433 1381 1477 1423 in
1507 1381 1551 1423 N
1552 1381 1649 1433 onii,

127 1452 340 1510 Eutychii,
372 1451 520 1509 Sergii,
550 1452 745 1509 Pompeii
774 1452 892 1495 libris
923 1467 1113 1508 maynns
1143 1452 1316 1509 legatur.

245 1535 352 1579 Ideo
391 1541 533 1579 autem
577 1535 667 1578 sine
710 1534 840 1578 dubio
884 1540 927 1578 et
968 1534 1156 1578 Medicei
1191 1535 1316 1578 lectio
1360 1541 1404 1578 et
1440 1534 1649 1578 Macrobii

127 1607 414 1650 testimonium
458 1607 502 1649 in
542 1606 733 1650 favorem
774 1607 961 1650 virorum
1004 1607 1223 1649 doctorum
1265 1602 1491 1660 venerunt,
1535 1605 1650 1663 quod

127 1678 307 1722 Homeri
338 1694 364 1721 a
392 1678 591 1735 Vergilio
622 1678 774 1720 imitati
804 1694 962 1722 novum
1002 1679 1240 1735 exemplum
1271 1678 1419 1721 afferre
1452 1677 1651 1721 videntur

128 1750 281 1793 collato
311 1750 405 1792 loco
436 1750 508 1792 illo
539 1749 771 1792 Homerico
800 1749 852 1792 Π.
883 1750 991 1795 XV.
1025 1752 1109 1793 190
1142 1765 1231 1806 sqq.

332 1823 466 1873 ’Ήτοι
497 1826 602 1886 ἐγών
631 1825 780 1882 ἔλαχον
809 1826 971 1887 πολιὴν
1002 1824 1087 1872 ἅλα
1118 1826 1287 1885 ναίεμεν
1317 1826 1407 1872 αἰεί

340 1897 642 1955 Παλλομένων,
672 1899 822 1958 Αἳὸης
853 1895 1015 1953 δ’ἒλαχε
1045 1898 1176 1959 ζόφον
1205 1895 1416 1958 ἠερόεντα·

342 1969 452 2024 Ζεὺς
481 1966 635 2026 &glai
665 1965 842 2030 οῗῖρανον
872 1966 995 2030 εὗρύν
1026 1970 1069 2015 ἕν
1089 1968 1240 2031 αἰθέρι
1271 1969 1346 2014 καὶ
1376 1969 1590 2031 νεφέλῃσι·

342 2044 458 2086 Γαῖα
490 2038 596 2086 δ’ἔτι
626 2040 725 2101 ξυνὴ
755 2040 933 2085 πάντων
962 2041 1039 2085 καὶ
1068 2041 1232 2102 μακρὸς
1250 2037 1494 2098 ”Ολυμπος.

129 2129 202 2167 aut
242 2123 294 2167 11.
324 2123 360 2166 Ι.
392 2126 476 2167 401
511 2139 603 2181 sqq.
647 2139 772 2181 quem
806 2124 946 2167 locum
975 2123 1271 2168 Woldemarus
1302 2124 1563 2168 Ribbeckius
1606 2124 1651 2167 in

130 2195 363 2254 appendice
394 2195 694 2254 praetermisit:

342 2277 476 2324 Ἀλλὰ
509 2280 561 2325 σύ
593 2279 668 2326 τόν
697 2276 732 2339 y'
768 2279 973 2335 ἐλθοῦσα,
1004 2279 1104 2335 θεὰ,
1135 2276 1357 2325 ὑπελύσαο
1382 2282 1562 2337 δεσμῶν,

343 2345 430 2408 Ὧχ)
465 2350 755 2412 ἑκατόγχειρον
784 2350 970 2405 καλέσας
1000 2350 1042 2404 ἐς
1070 2350 1234 2412 μακρὸν
1253 2346 1498 2409 ”Ολυμπον,

330 2418 414 2468 εῸν
444 2422 663 2483 Βριάρεων
692 2423 895 2468 καλέουσι
925 2421 1028 2467 θεοί
1059 2437 1093 2464 e.
1115 2437 1154 2478 q.
1186 2437 1218 2464 s.

248 2503 336 2549 Sed
366 2510 509 2548 utrum
538 2505 759 2563 Vergilius
779 2505 1016 2549 Homerum
1046 2504 1126 2549 hoc
1156 2505 1249 2549 loco
1280 2504 1467 2550 imitatus
1499 2505 1567 2562 sit,
1597 2520 1651 2550 an

128 2576 374 2620 Macrobius
394 2576 519 2619 huius
541 2577 788 2620 imitationis
810 2578 866 2620 sit
884 2577 1120 2631 fabricator,
1150 2577 1330 2621 fortasse
1351 2592 1652 2635 cognoscemus

129 2663 183 2692 ex
213 2648 391 2692 aliorum
410 2648 596 2708 Vergilii
624 2649 824 2704 locorum,
855 2664 961 2707 quos
981 2648 1227 2693 Macrobius
1249 2648 1436 2706 tradidit,
1466 2656 1653 2698 contem-

128 2719 327 2785 platione.
