1826 3152
869 179 895 222 9

128 308 314 351 omnium
354 308 553 366 Europae
596 309 848 366 populorum
889 308 1069 352 vicarios
1112 323 1205 350 esse
1247 312 1449 365 putarem.
1516 306 1643 349 Nunc

127 386 285 434 autem,
321 395 417 423 cum
445 380 634 434 minime,
671 379 774 437 quid
810 380 1041 437 scripserit,
1078 384 1260 433 constet,
1296 394 1382 432 res,
1418 393 1525 436 quae
1556 384 1644 421 tam

124 467 280 510 parvae
311 451 521 505 videntur,
551 452 704 494 mentis
735 451 967 494 attentione
998 450 1149 508 dignae
1171 456 1279 493 sunt.
1330 450 1393 492 At
1413 451 1639 507 scriptores

126 523 181 567 ad
210 539 296 575 res,
327 538 434 580 quae
464 523 554 566 fieri
584 538 668 566 non
699 527 895 580 possunt,
933 521 1229 565 describendas
1259 527 1447 563 mutuam
1476 520 1640 564 sedium

125 594 475 652 permutationem
510 599 646 636 terrae
691 599 735 636 et
770 594 895 635 maris
933 593 1180 635 animalibus
1217 593 1399 635 tribuere
1438 592 1640 644 solebant,

121 666 244 708 cuius
275 664 591 708 consuetudinis
621 679 755 722 pauca
786 664 977 721 exempla
1007 662 1155 707 affero:

243 736 482 780 Nemesian.
513 736 549 779 I.
583 738 649 779 75.
681 751 742 793 sq.

296 807 489 864 Namque
520 808 636 864 prius
668 807 789 850 siccis
820 807 981 864 phocae
1013 811 1238 864 pascentur
1268 806 1311 848 in
1342 806 1453 849 arvis

296 878 585 935 Hirsutusque
597 881 624 934 ¹)
654 878 763 921 freto
793 879 914 922 vivet
942 878 1021 920 leo.
1188 870 1190 872 ’

244 950 328 993 Ov.
359 955 456 992 met.
486 950 619 994 XIV.
653 952 720 993 38.
753 964 815 1006 sq.

295 1021 420 1064 Prius
443 1054 452 1064 .
475 1054 484 1064 .
507 1055 516 1064 .
538 1055 547 1064 .
578 1021 620 1064 in
652 1035 833 1078 aequore
863 1020 1035 1063 frondes

365 1126 375 1135 .
397 1126 406 1135 .
439 1098 482 1135 et
511 1093 555 1134 in
587 1092 759 1135 summis
789 1098 1015 1134 nascentur
1044 1092 1255 1135 montibus
1289 1092 1418 1149 algae.

243 1163 330 1207 Sed
351 1164 387 1207 si
408 1164 501 1221 quis
522 1169 745 1221 propterea
765 1178 949 1219 aequore
968 1163 1187 1220 praeferat,
1219 1164 1386 1220 cogitet,
1415 1162 1639 1205 verisimile

124 1250 209 1277 non
248 1250 359 1288 esse,
395 1235 583 1277 futurum
618 1235 767 1288 fuisse,
804 1241 852 1277 ut
888 1250 1071 1290 aequore
1108 1235 1151 1276 in
1188 1236 1355 1277 aethere
1390 1239 1639 1285 mutaretur;

124 1306 290 1347 aethere
310 1311 462 1358 autem,
489 1304 603 1361 quod
623 1310 768 1362 aptum
790 1321 882 1348 esse
903 1321 989 1348 non
1011 1305 1235 1358 videretur,
1265 1305 1318 1347 ab
1339 1304 1637 1361 interpolatore

123 1354 318 1418 facilsiffie
348 1376 393 1418 in
423 1391 606 1432 aequore
635 1377 788 1419 mut-ari
817 1377 1018 1434 potuisse.

241 1447 393 1501 Doleo,
419 1447 522 1489 mihi
542 1462 627 1490 non
649 1448 888 1505 contigisse,
918 1453 966 1490 ut
985 1447 1183 1501 libellum,
1214 1448 1257 1489 in
1279 1462 1363 1504 quo
1384 1446 1637 1501 Ameisius2)

123 1517 236 1561 hunc
265 1518 404 1562 locum
433 1519 642 1572 tractavit,
671 1519 774 1562 mihi
803 1535 1005 1576 pararem.

673 1626 754 1672 ecl.
785 1626 858 1671 VI.
891 1623 960 1671 31.
993 1640 1087 1684 sqq.

240 1706 443 1761 Namque
474 1707 664 1762 canebat,
697 1708 767 1750 uti
796 1722 1010 1764 maynum
1034 1722 1117 1764 per
1146 1709 1282 1751 inane
1313 1712 1459 1750 coacta

244 1777 427 1821 Semina
459 1782 761 1834 terrarumque
791 1779 1052 1835 animaeque
1083 1780 1308 1835 marisque
1339 1780 1532 1835 fuissent

241 1849 304 1892 Et
333 1849 493 1904 liquidi
521 1849 660 1891 simul
686 1850 828 1905 tynis:
862 1854 915 1893 ut
944 1851 1013 1894 his
1045 1866 1096 1894 ex
1130 1851 1283 1894 omnia
1309 1851 1477 1907 primis

247 1920 403 1963 Omnis
434 1924 475 1962 et
502 1920 596 1976 ipse
629 1924 747 1963 tener
777 1923 938 1965 mnndi
968 1923 1232 1965 concreverit
1260 1923 1389 1965 orbis.

239 2019 280 2046 v.
320 2006 387 2047 33.
429 2003 474 2045 in
515 2003 708 2046 Romano
753 2006 930 2048 ewordia
971 2005 1142 2062 legitur,
1185 2022 1226 2049 v.
1266 2008 1322 2049 34
1364 2005 1409 2047 in
1445 2004 1636 2046 Romano

121 2076 285 2130 omnia,
317 2075 361 2117 in
390 2074 584 2118 Palatino
615 2076 789 2119 omnisa
820 2079 854 2131 (s
886 2079 1029 2133 erasa).

239 2146 339 2189 Hoc
368 2146 462 2188 loco
493 2146 732 2189 Romanum
767 2162 853 2190 non
888 2148 1027 2190 minus
1058 2149 1356 2206 interpolatum
1393 2162 1485 2189 esse
1522 2152 1638 2203 puto,

122 2233 247 2275 quam
276 2218 423 2261 multis
454 2218 559 2260 aliis.
610 2218 733 2272 Nam,
764 2218 880 2275 quod
899 2219 1139 2263 Ladevicus
1148 2222 1178 2275 3)
1210 2234 1376 2277 quoque
1407 2218 1639 2272 adnotavit,

121 2290 299 2333 exordia
324 2289 565 2347 ambiguum
592 2295 668 2343 est,
699 2304 795 2332 cum
825 2292 1002 2334 encardia
1032 2290 1085 2334 de
1116 2292 1261 2349 primis
1288 2291 1474 2333 omnium
1500 2305 1640 2332 rerum

120 2361 252 2403 initiis
284 2366 357 2403 aut
387 2360 539 2402 atomis
562 2361 737 2415 (semina
755 2376 796 2403 v.
820 2364 892 2417 32)
923 2361 1098 2415 dicatur,
1128 2378 1212 2405 non
1234 2362 1287 2404 de
1308 2367 1395 2404 tam
1414 2376 1639 2419 progresso

241 2477 273 2522 ¹)
298 2475 392 2524 Quid
416 2478 482 2515 hoc
504 2478 582 2515 loco
605 2478 843 2516 Nemesianus
867 2479 1064 2525 scripserit,
1089 2481 1267 2517 incertum
1292 2484 1366 2525 est;
1401 2480 1552 2526 codices,
1578 2480 1641 2526 qui

119 2535 256 2572 habent
279 2536 500 2580 vestitusque,
526 2540 714 2582 corruptos
739 2547 818 2573 esse
842 2541 1003 2583 apparet.

56 2616 58 2618 -
239 2592 274 2639 ²)
298 2593 432 2637 Ameis,
466 2593 696 2640 spicilegium
720 2595 1000 2641 explicationum
1023 2595 1328 2641 Vergilianarum.
1378 2597 1641 2634 Muehlhausen

120 2651 219 2687 1853.
269 2652 397 2696 Progr.

239 2707 274 2753 ⁸)
298 2708 473 2746 Conferas
497 2708 576 2746 eius
599 2708 771 2747 editionis
794 2709 833 2746 in
856 2714 960 2747 usum
984 2709 1143 2746 tironum
1169 2710 1389 2757 compositae
1405 2711 1642 2758 appendicem

120 2765 297 2805 criticam.
