1826 3152
867 109 923 165 14

272 252 416 311 Atque
454 268 499 296 re
537 268 638 296 vera
673 267 759 295 non
789 266 983 309 magnam
1013 250 1145 294 fuisse
1176 248 1437 307 diligentiam
1465 241 1676 292 Macrobii

153 332 303 384 poetae
345 324 476 367 verba
517 323 731 366 afferentis
775 322 931 365 docent
973 322 1134 379 aliquot
1176 336 1321 364 eorum
1364 320 1570 373 locorum,
1620 318 1674 362 de

153 397 303 453 quibus
335 394 569 451 disputavit
597 393 858 437 Ribbeckius
895 394 938 436 in
975 391 1284 450 prolegomenis
1321 390 1476 434 criticis
1512 406 1554 448 p.
1587 390 1672 433 210

153 472 201 509 ut
236 465 313 519 illi,
356 479 462 521 quos
499 463 689 507 codicem
730 479 816 507 non
853 464 1148 522 inspicientem
1183 462 1424 505 memoriter
1467 475 1564 503 eum
1600 459 1676 502 ad-

154 537 372 593 scripsisse
403 535 665 579 Ribbeckius
696 535 824 579 vidit·

210 608 319 650 Aen.
349 606 410 649 Π.
443 608 527 649 222
561 621 658 663 sqq.

367 677 585 721 Clamores
616 677 742 720 simul
771 676 1004 720 horrendos
1036 676 1091 719 ad
1121 675 1261 719 sidera
1289 642 1412 729 tollit,

365 748 517 809 Qualis
548 749 746 804 mugitus,
776 748 886 804 fugit
915 763 1011 789 cum
1041 748 1207 790 saucius
1238 762 1331 789 aras

364 803 542 861 Taurus.

151 906 191 935 v.
214 892 311 933 222.
332 889 522 933 Macrob.
544 894 620 932 sat.
640 888 726 935 IV.
750 891 787 932 5.
816 891 855 932 8.
886 890 1084 946 muyitus
1105 889 1241 932 veluti
1260 888 1380 947 fuyit
1404 903 1439 931 e.
1461 903 1500 945 q.
1522 903 1554 931 s.

209 962 317 1005 Aen.
348 961 409 1004 Π.
441 962 540 1003 416.

364 1031 553 1075 Adversi
583 1037 709 1090 rupto
741 1046 819 1076 ceu
849 1031 1062 1090 quondam
1091 1031 1259 1075 turbine
1289 1031 1408 1075 venti

366 1103 611 1159 confligunt
641 1119 676 1146 e.
708 1119 748 1160 q.
788 1119 820 1146 s.

252 1163 461 1216 *Macrob.
495 1179 572 1216 sat.
594 1173 680 1218 VI.
713 1177 751 1216 2.
775 1177 849 1217 28:
881 1174 1045 1217 diversi
1074 1188 1247 1230 mayno.
1302 1173 1505 1217 Codicem
1535 1180 1677 1218 autem

152 1245 191 1287 ei
221 1245 354 1288 fuisse
386 1245 492 1287 vitio
513 1244 598 1298 illo,
630 1260 714 1301 quo
744 1245 841 1287 libri
871 1260 983 1287 nunc
1014 1250 1229 1287 exstantes
1245 1245 1446 1302 plurimis
1466 1245 1571 1288 locis
1602 1245 1677 1289 de-

149 1317 402 1369 formantur,
434 1314 530 1358 dico
560 1315 790 1358 lectionum
821 1331 874 1359 ex
905 1316 1032 1359 simili
1061 1315 1155 1359 loco
1187 1316 1578 1371 contaminatarum,
1615 1316 1677 1359 af-

148 1387 307 1429 fectum
338 1386 557 1428 enucleare
588 1386 689 1429 licet
720 1401 774 1429 ex
804 1386 920 1430 hisce
950 1387 1073 1430 locis:

209 1458 317 1501 Aen.
348 1456 459 1503 VII.
492 1458 591 1500 655.

363 1528 471 1569 Post
500 1527 579 1569 hos
609 1528 819 1585 insignem
847 1528 988 1585 palma
1016 1544 1094 1585 per
1123 1530 1311 1585 gramina
1337 1545 1504 1573 currum

364 1598 651 1656 Victoresque
682 1604 869 1642 ostentat
900 1615 1031 1657 equos
1063 1605 1179 1643 satus
1210 1600 1396 1644 Hercule
1427 1616 1463 1644 e.
1494 1616 1534 1658 q.
1565 1615 1598 1644 s.

268 1669 460 1713 Macrob.
493 1675 569 1713 sat.
602 1670 662 1716 V.
686 1673 754 1713 15.
785 1672 839 1713 15
870 1671 1093 1727 insiynem
1123 1672 1262 1727 fama,
1295 1687 1421 1730 quam
1450 1671 1676 1715 lectionem

149 1756 214 1785 ex.
246 1757 287 1787 v.
321 1743 419 1784 745.

266 1812 430 1866 „Ufens
437 1845 449 1866 ‚
492 1811 700 1869 insignem
736 1812 847 1856 fama
884 1818 928 1856 et
962 1812 1155 1857 felicibus
1192 1814 1344 1857 armis“
1364 1851 1367 1854 ,
1384 1814 1544 1857 illatam
1581 1829 1674 1858 esse

148 1883 433 1927 Ribbeckium
462 1883 582 1940 fugit.

207 1956 317 1999 Aen.
348 1953 459 2001 VH.
492 1957 589 1999 528.

362 2026 540 2070 Fluctus
572 2027 635 2070 uti
655 2026 791 2084 primo
813 2026 955 2086 coepit
981 2042 1077 2071 cum
1098 2027 1309 2073 albescere
1330 2034 1460 2074 vento

147 2095 339 2143 Macrob.
373 2104 450 2141 sat.
481 2098 541 2144 V.
563 2101 643 2142 ·13.
666 2101 721 2142 20
754 2101 894 2156 coepit
922 2115 1024 2143 cum
1055 2102 1262 2144 albescere
1286 2106 1425 2157 ponto
1446 2097 1676 2144 secundum

147 2185 186 2227 g.
216 2169 302 2212 111.
335 2170 434 2213 237.

362 2240 539 2283 Fluctus
570 2239 634 2283 uti
663 2240 804 2284 medio
837 2241 977 2300 coepit
1007 2256 1103 2286 cum
1132 2242 1344 2287 albescere
1374 2249 1519 2301 ponto.

207 2312 316 2355 Aen.
347 2310 458 2357 VH.
492 2314 591 2356 796.

362 2382 423 2426 Et
454 2382 661 2428 Sacranae
692 2383 803 2428 acies
835 2390 879 2428 et
908 2384 1012 2444 picti
1043 2391 1163 2430 scuta
1192 2384 1353 2431 Labici.

265 2452 459 2500 Macrob.
491 2462 567 2499 sat.
598 2456 659 2503 V.
693 2460 761 2501 15.
795 2459 869 2501 192
904 2458 1039 2502 Stant
1064 2453 1342 2516 (Gaurande)
1380 2456 1495 2503 acies
1525 2472 1674 2503 secun-

150 2522 252 2571 dum
281 2526 342 2572 H.
376 2530 480 2572 333:
512 2531 602 2572 stat
630 2528 744 2586 ferri
773 2530 901 2573 acies.

207 2611 316 2655 Aen.
347 2608 483 2657 Vm.
517 2613 584 2655 90.

363 2682 479 2744 Ergo
510 2683 592 2729 iter
621 2683 837 2745 inceptum
867 2682 1052 2731 celerant
1080 2699 1248 2732 rumore
1280 2684 1480 2738 secundo.

498 3148 501 3152 ,
525 3137 636 3152 aaran».
659 3138 665 3152 :
682 3149 684 3152 .
697 3123 896 3152 LL327'?‚.†„.1J-..⁷2
988 3134 1099 3152 summ.
1109 3131 1138 3152 ’.τ’
