1826 3152
864 157 919 220 20

248 291 429 339 Accedit
460 293 575 351 quod
593 294 724 348 locus,
756 294 809 337 de
832 310 916 352 quo
938 294 1214 352 disputamus,
1246 309 1342 337 cum
1367 292 1451 337 illis
1471 287 1651 339 Homeri

129 367 321 411 versibus
364 365 416 407 Π.
458 365 566 409 XV.
613 367 710 408 193.
745 365 782 408 I.
826 368 926 409 402.
976 365 1082 407 nihil
1123 364 1253 407 habet
1294 365 1526 408 communis
1569 364 1651 407 nisi

129 438 302 496 Olympi
322 436 588 480 mentionem.
618 435 732 478 Nam
751 436 972 494 Vergilius
994 435 1197 479 describit
1221 441 1436 479 taurorum
1455 450 1651 494 pugnam,

128 524 304 566 quorum
341 507 505 564 mugitu
543 507 754 564 Olympus
791 513 979 561 resonat,
1021 507 1235 550 Homerus
1278 512 1421 550 narrat
1443 507 1506 566 ll.
1542 505 1651 552 XV.

129 583 228 625 193.
272 577 419 622 mundi
463 577 717 623 divisionem
754 574 864 622 inter
900 579 1166 637 Neptunum,
1208 578 1452 632 Plutonem,
1500 577 1651 622 Iovem

123 652 277 694 factam
308 655 351 693 et
379 650 432 692 Π.
451 649 488 692 Ι.
520 652 620 693 402.
649 650 941 693 liberationem
960 650 990 693 J
991 651 1084 693 ovis
1115 666 1141 693 a
1171 651 1321 693 ceteris
1353 649 1445 692 deis
1466 649 1648 692 deabus-

124 737 207 779 que
250 721 383 765 vincti
427 735 452 763 a
487 719 671 763 Thetide
715 720 966 775 confectam,
1015 721 1171 778 quippe
1220 735 1328 777 quae
1371 721 1651 762 centimanum

123 793 343 836 Briareum
381 790 470 847 ‚3⁶23
505 791 670 851 μακρὸν
690 787 949 849 ”Ολυμπον“
986 791 1202 834 acciverit:
1246 797 1295 833 ut
1330 791 1532 842 nesciam,
1569 805 1652 846 qua

123 879 168 906 re
199 863 420 920 Vergilius
458 868 691 906 commotus
730 877 823 905 esse
860 861 1072 920 putandus
1110 862 1185 915 sit,
1226 867 1275 904 ut
1304 861 1541 904 Homerum
1570 860 1651 903 hoc

121 934 215 977 loco
247 934 493 977 imitaretur.

242 1004 443 1047 Ceterum
462 1004 707 1047 Mediceum
736 1003 817 1046 hoc
837 1003 930 1046 loco
951 1003 1250 1061 interpolatum
1277 1019 1383 1058 esse,
1413 1004 1518 1047 alios
1546 1019 1650 1061 quo-

122 1091 204 1134 que
236 1075 470 1120 credituros
503 1090 596 1119 esse
628 1090 765 1134 spem,
797 1075 833 1119 si
864 1076 1052 1133 argutius
1085 1091 1145 1130 ea,
1176 1091 1285 1134 quae·
1313 1074 1537 1119 Mediceus
1568 1075 1649 1119 hoc

121 1148 215 1190 loco
251 1148 429 1205 praebet
465 1150 677 1203 (resonant
704 1180 866 1191 .....
893 1148 1077 1205 longius)
1122 1148 1375 1191 conferimus
1419 1163 1514 1190 cum
1555 1146 1650 1191 loco

121 1218 341 1263 Aeneidos
373 1219 598 1274 simillimo,
628 1218 739 1265 VH.
774 1220 857 1262 700
892 1234 953 1276 sq.

978 1290 1105 1348 longa
1134 1306 1310 1334 canoros

335 1361 456 1405 Dant
484 1377 562 1420 per
591 1362 698 1406 colla
728 1360 892 1416 modos,
924 1367 1048 1406 sonat
1077 1362 1213 1406 amnis
1245 1368 1289 1406 et
1317 1362 1426 1406 Asia
1454 1362 1580 1421 longe

336 1433 468 1475 Pulsa
496 1433 629 1490 palus.

239 1503 351 1556 Quis
383 1509 460 1558 est,
492 1504 560 1546 cui
579 1519 666 1547 non
686 1504 915 1549 verisimile
936 1504 1144 1559 videatur,
1175 1519 1228 1548 ex
1258 1504 1339 1547 hoc
1358 1504 1452 1548 loco
1475 1505 1648 1561 longius

119 1574 191 1618 illo
222 1574 329 1630 loco,
361 1575 428 1618 cui
458 1580 572 1618 recte
603 1575 900 1620 constituendo
932 1591 1103 1634 operam
1132 1591 1349 1630 navamus,
1385 1576 1430 1618 in
1460 1575 1648 1619 Medicei

118 1647 347 1703 archetypo
384 1646 643 1703 adscriptum
678 1648 810 1691 fuisse
816 1681 829 1701 ,
878 1663 974 1690 cum
1018 1647 1123 1690 illud
1158 1663 1405 1705 perversum
1440 1652 1651 1691 resonant

117 1732 195 1775 pro
226 1718 409 1760 reboant
443 1717 488 1759 in
517 1716 716 1760 Mediceo
752 1717 884 1774 legat,
921 1722 994 1760 aut
1030 1718 1097 1759 cui
1133 1723 1220 1760 tam
1250 1718 1419 1775 ignotus
1461 1724 1527 1761 est
1555 1733 1648 1761 mos

117 1789 386 1845 antiquorum
423 1789 807 1844 grammaticorum,
847 1788 941 1832 loco
978 1788 1163 1845 quodam
1199 1788 1252 1832 de
1291 1789 1417 1833 simili
1447 1789 1542 1833 loco
1573 1788 1649 1833 ad-

117 1873 289 1903 monere
320 1858 509 1916 integros
540 1872 689 1903 versus
720 1864 794 1902 aut
824 1859 1008 1917 singulas
1040 1874 1168 1913 voces
1199 1855 1518 1904 adscribentes?

237 1942 390 1998 Itaque
421 1942 466 1984 in
496 1942 686 1985 Medicei
716 1943 946 2001 archetypo
976 1944 1081 1987 haec
1110 1943 1242 1986 fuisse
1272 1949 1396 2001 puto.

209 2012 459 2057 SONANT
990 2013 1204 2058 LONGE
1217 2016 1284 2070 (ex
1296 2014 1406 2059 Aen.
1420 2013 1529 2061 VII.
1547 2016 1647 2071 701)

158 2073 456 2117 REBOANT
486 2073 852 2127 SILVAEQVE
882 2075 962 2118 ET
991 2074 1259 2121 MAGNVS
1291 2074 1603 2122 OLYMPVS.

236 2155 455 2199 Librarius
506 2161 648 2200 autem
689 2162 738 2200 ut
779 2161 943 2200 sonant
984 2157 1045 2200 ita
1082 2159 1204 2214 lonqe
1248 2157 1484 2214 corrigendi
1521 2172 1648 2200 causa

116 2228 446 2286 suprascriptum
493 2243 590 2271 esse
631 2234 749 2272 ratus
786 2235 869 2283 est,
913 2228 990 2272 sed
1025 2244 1103 2286 pro
1139 2228 1435 2276 LONGEVS
1479 2229 1648 2288 scripsit

114 2298 408 2345 LONGIVS.
467 2295 512 2342 Ε
539 2305 584 2343 et
612 2299 638 2342 I
673 2299 820 2343 literae
857 2300 1054 2358 perfacile
1073 2288 1238 2343 'mutari
1266 2306 1464 2359 poterant
1491 2316 1645 2359 easque
1676 2326 1681 2330 ,

114 2375 300 2413 mutatas
331 2385 427 2413 esse
447 2370 709 2414 Ribbeckius
741 2371 867 2414 docet
896 2372 941 2414 in
970 2371 1279 2429 prolegomenis
1311 2372 1467 2416 criticis
1494 2388 1536 2431 p.
1558 2375 1645 2417 243

114 2456 176 2498 sq.
207 2447 252 2485 et
280 2442 325 2484 in
355 2441 496 2485 indice
523 2431 797 2500 grammatico
828 2459 899 2501 pp.
930 2445 1017 2486 415
1050 2458 1140 2500 sqq.
1173 2449 1217 2487 et
1246 2460 1316 2501 pp.
1348 2445 1434 2488 401
1468 2459 1542 2501 sq„
1571 2444 1646 2487 ubi

113 2511 168 2557 de
188 2513 573 2571 praepositionibus
604 2514 656 2556 de
686 2519 731 2557 et
760 2514 809 2557 di
837 2514 881 2556 in
909 2515 1153 2572 compositis
1173 2515 1423 2573 permutatis
1442 2515 1640 2572 loquitur.

232 2595 301 2640 Ne
333 2603 475 2641 autem
505 2603 665 2642 temere
696 2596 985 2642 adfirmavisse
1017 2597 1176 2654 videar,
1206 2598 1250 2642 in
1280 2597 1469 2643 Medicei
1500 2597 1647 2643 arche-

111 2673 215 2726 typo
235 2683 366 2715 voces
387 2684 441 2712 ex
462 2669 587 2712 simili
606 2669 701 2712 loco
723 2668 956 2726 adscriptas
977 2669 1122 2724 fuisse,
1151 2670 1314 2728 aliquot
1332 2670 1461 2725 locos,
1489 2670 1641 2728 quibus

112 2738 336 2787 Mediceus
367 2739 449 2783 hoc
480 2740 586 2785 vitio
617 2740 860 2799 inquinatus
892 2746 969 2796 est,
1002 2739 1185 2785 afferam.
