1826 3152
874 150 930 205 29

263 287 350 333 Sed
386 305 481 332 cum
517 290 764 347 significatio
795 291 912 334 vocis
949 290 1080 333 nimbi
1116 305 1141 333 a
1172 289 1321 333 Servio
1359 289 1485 332 allata
1522 285 1660 332 adhuc

146 376 294 418 parum
324 361 519 418 probata,
557 360 633 404 sed
670 366 809 404 tamen
846 361 900 404 ad
937 376 1106 404 sensum
1141 376 1312 418 prorsus
1349 359 1663 403 accomodata

149 432 216 485 sit,
246 432 317 474 alii
347 431 596 498 anquirendi
626 438 724 474 sunt
747 432 847 485 loci,
877 432 1041 503 quibus,
1071 431 1184 488 quod
1210 431 1383 474 Servius
1415 431 1534 484 dixit,
1565 446 1663 488 pro-

146 503 287 557 betur,
324 517 474 546 vocem
508 502 639 546 nimbi
675 503 800 546 etiam
837 502 890 546 de
918 496 1088 560 fulgore
1125 501 1306 559 quodam
1346 502 1429 545 dici
1459 502 1662 560 potuisse.

143 573 195 616 cf.
227 573 333 616 Aen.
363 573 448 618 IX.
483 576 580 617 110.

358 632 446 675 Η10
476 633 657 690 primum
686 647 798 675 nova
826 633 900 675 lux
930 632 1062 675 oculis
1094 632 1254 675 offulsit
1284 638 1327 675 et
1356 633 1503 689 ingens

359 703 496 749 Visus
527 703 580 746 ab
611 718 759 746 aurora
789 703 950 746 caelum
978 709 1257 745 transcurrere
1288 703 1467 756 nimbus,

148 763 221 826 ubi
241 790 390 819 vocem
410 775 542 818 nimbi
571 780 743 832 propter
768 790 828 828 ea,
858 789 964 831 quae
986 773 1250 827 antecedunt,
1280 788 1395 816 nova
1426 775 1504 817 lux
1524 775 1660 817 oculis

148 835 321 913 offulmt
348 861 433 889 non
463 846 674 902 intellego,
703 846 786 888 nisi
817 845 870 888 de
901 845 1063 901 fulgore
1084 844 1267 901 quodam
1286 844 1458 898 dicitur;
1488 861 1585 887 nam
1606 845 1659 887 de

145 903 348 971 imbribus
392 922 466 959 aut
502 916 821 960 obscurantibus
863 916 1045 959 nubibus
1091 915 1204 957 dicta
1246 929 1337 958 esse
1381 930 1465 958 non
1507 922 1661 972 potest,

145 995 241 1029 cum
269 1002 406 1044 neque
442 988 565 1030 imbri
601 993 745 1030 coorto
781 988 855 1029 lux
893 987 1023 1030 oculis
1060 1001 1256 1042 umquam
1295 986 1496 1043 offulgeat
1525 1002 1660 1043 neque

144 1056 298 1106 imbres
319 1063 432 1100 recte
464 1057 627 1101 caelum
657 1064 940 1101 transcurrere
971 1057 1174 1109 dicantur,
1204 1057 1331 1099 immo
1363 1057 1416 1100 de
1448 1058 1562 1100 caelo
1594 1073 1662 1100 ca-

144 1119 271 1181 dere3
306 1127 503 1184 Heynius
545 1143 712 1185 quoque
749 1128 804 1170 ad
840 1128 949 1170 Aen.
980 1127 1042 1169 Π.
1081 1129 1165 1169 616
1204 1126 1415 1179 00110οᾱ11,
1451 1127 1531 1169 1100
1567 1128 1660 1170 1000

143 1198 331 1242 nimbum
361 1198 415 1242 de
446 1199 556 1246 clara
586 1199 740 1242 nebula
770 1198 930 1241 dictum
960 1213 1065 1241 esse.

262 1270 424 1313 Tamen
460 1270 641 1316 fortasse
679 1285 816 1313 errare
854 1269 1020 1312 cuidam
1049 1268 1200 1312 videor
1235 1269 1475 1326 respicienti
1512 1285 1660 1313 versus

144 1340 254 1394 illos,
283 1341 435 1397 quibus
466 1340 664 1394 Ovidius,
688 1347 785 1383 met.
806 1340 940 1386 XIV.
963 1342 1047 1383 530
1071 1355 1158 1396 sqq.
1189 1340 1300 1382 hunc
1320 1341 1504 1397 Vergilii
1523 1342 1661 1384 locum

145 1411 354 1468 expressit
361 1427 372 1465 ;
403 1426 501 1457 nam
531 1411 591 1454 ibi
622 1415 675 1467 (v.
709 1413 808 1468 543)
838 1411 1009 1468 legitur:

360 1482 470 1527 Cum
499 1482 673 1525 saliente
703 1497 855 1539 graves
886 1481 1125 1525 ceciderunt
1154 1481 1355 1538 grandine
1386 1482 1527 1526 nimbi.

264 1552 351 1596 Sed
381 1559 521 1597 tamen
551 1553 631 1596 hoc
661 1553 764 1596 mihi
793 1568 879 1596 non
909 1558 996 1596 tam
1024 1568 1153 1609 grave
1183 1552 1363 1606 videt-ur,
1394 1559 1442 1595 ut
1472 1553 1661 1596 dubitem

147 1622 201 1666 de
233 1624 578 1683 interpretatione
599 1640 693 1667 mea
712 1624 838 1667 modo
858 1624 1022 1682 prolata
1080 1624 1191 1666 Nam
1220 1623 1292 1666 illo
1322 1623 1414 1666 loco
1447 1623 1661 1667 Ovidiano

145 1695 314 1738 omnino
352 1710 437 1740 non
483 1700 676 1737 accurata
712 1694 788 1738 sed
824 1695 961 1738 soluta
1002 1695 1215 1751 liberaque
1255 1695 1439 1751 Vergilii
1482 1695 1660 1738 imitatio

146 1766 397 1814 continetur.
447 1765 580 1823 Apud
599 1765 840 1823 Vergilium
870 1767 982 1809 enim
1003 1766 1162 1823 Cybele
1193 1766 1379 1809 Teucros
1410 1765 1661 1822 adloquitur,

362 1838 474 1892 (114.
504 1851 559 1879 ne
589 1835 796 1894 trepidate
827 1852 954 1891 meas,
984 1837 1149 1891 Teucri,
1180 1836 1406 1880 defendere
1437 1840 1581 1892 naves)

145 1907 259 1965 apud
290 1907 497 1952 Ovidium
527 1907 718 1951 Turnum
747 1909 867 1963 (539!

357 1977 485 2021 Irrita
514 1978 715 2036 sacrilega
743 1979 873 2022 iactas
903 1978 1098 2022 incendia
1128 1978 1276 2022 dextra

360 2048 502 2092 Turne
534 2065 568 2092 0.
589 2066 628 2106 q.
650 2054 713 2107 s.).

263 2110 404 2164 Maior
447 2125 601 2164 autem·
631 2120 741 2163 inter
782 2125 1003 2178 utrumque
1039 2126 1209 2179 poetam
1245 2118 1526 2179 discrepantia
1561 2121 1661 2165 inde

146 2191 279 2235 oritur
299 2191 414 2251 quod
435 2191 548 2250 apud
568 2191 808 2249 Vergilium
834 2191 1041 2236 adventus
1063 2192 1244 2250 Cybeles
1275 2207 1359 2235 una
1385 2208 1479 2235 cum
1510 2209 1662 2251 magno

147 2268 191 2307 et
220 2263 327 2307 miro
358 2263 582 2321 splendore
614 2265 739 2319 (nova
774 2263 848 2306 lux
879 2262 1058 2320 offulsit)
1090 2261 1254 2318 accidit,
1284 2262 1464 2321 ideoque
1495 2265 1662 2310 nimbus

146 2348 313 2390 quoque
345 2334 495 2380 eodem
525 2348 653 2378 sensu
681 2333 986 2392 intellegendus
1018 2341 1084 2378 est
1091 2352 1102 2388 ;
1139 2341 1283 2378 contra
1313 2335 1427 2393 apud
1458 2336 1664 2382 Ovidium

147 2404 377 2448 adventum
403 2406 550 2448 matris
581 2405 756 2449 deorum
785 2406 1034 2464 gravissima
1062 2411 1310 2464 tempestas,
1348 2408 1529 2452 tonitrus
1563 2412 1662 2465 (542

145 2476 331 2519 intonuit
361 2476 528 2520 dicente
559 2477 665 2533 dea),
694 2476 867 2534 grandO,
897 2477 1051 2521 imbres
1083 2480 1210 2534 (543),
1240 2478 1358 2522 venti
1390 2481 1491 2536 (544

359 2548 557 2606 Aeraque
588 2553 632 2591 01
660 2547 869 2591 tumidum
900 2548 1049 2592 subitis
1081 2549 1352 2593 concursibus
1383 2565 1540 2608 aequor

358 2620 532 2663 Astraei
564 2620 736 2663 turbant
764 2626 809 2663 et
838 2626 940 2664 eunt
968 2621 1013 2663 in
1043 2621 1204 2679 proelia
1232 2622 1410 2679 fratres),

148 2697 393 2750 sequuntur,
424 2691 477 2736 de
508 2691 661 2750 quibus
692 2691 806 2751 apud
825 2692 1066 2750 Vergilium
1090 2693 1195 2736 nihil
1223 2694 1388 2752 legitur.
1437 2693 1535 2739 Etsi
1565 2709 1666 2755 ergo

146 2764 260 2827 apud
291 2764 498 2810 Ovidium
528 2778 614 2810 vox
643 2764 775 2810 nimbi
804 2765 960 2809 imbres
986 2765 1204 2825 significat,
1233 2765 1331 2811 ideo
1361 2782 1446 2812 non
1468 2767 1667 2840 cogimur,

2 3102 57 3123 ··“⁴'.

0 3113 153 3152 ἓξδέᾰξμ
266 3136 300 3150 *⁵1
334 3143 337 3145 >
418 3133 420 3135 ’
