1826 3152
877 153 933 200 22

360 318 370 328 .
391 317 401 328 .
423 317 432 328 .
454 317 464 328 .
495 284 660 342 agmina
690 298 813 327 curru

357 356 554 399 Proterit.

266 427 334 469 M:
373 430 582 482 proteret,
633 426 749 482 quod
791 442 953 469 merum
995 428 1143 469 calami
1179 441 1362 470 errorem
1405 425 1666 470 Ribbeckius

145 504 293 555 putare
324 497 505 551 videtur,
536 512 632 539 cum
663 496 717 539 de
747 496 826 540 hac
846 497 981 541 forma
1006 498 1050 540 in
1071 497 1370 541 commentario
1398 496 1543 542 critico
1563 495 1668 539 nihil

145 568 284 611 addat.
346 567 432 611 Sed
468 568 572 610 mihi
606 568 801 611 librarius
845 568 1134 626 neglegentius
1178 568 1452 626 descripsisse
1497 566 1669 611 videtur

145 655 311 693 vocem,
348 640 540 696 quamvis
577 645 712 682 metro
750 639 1062 694 adversantem,
1105 655 1211 698 quae
1247 640 1290 682 in
1328 639 1555 697 archetypo
1593 637 1668 683 ad-

147 711 301 768 scripta
332 716 439 754 erat:
465 715 694 767 proterret.
730 711 781 754 cf.
811 711 950 754 locum
980 712 1236 755 simillimum
1267 714 1353 755 289
1385 727 1474 768 sqq.

357 782 586 839 Messapus
616 797 760 839 regem
789 782 983 839 regisque
1014 783 1178 840 insigne
1208 788 1425 841 gerentem

358 852 626 910 Tyrrhenum
655 853 864 897 Aulesten
885 887 895 897 .
917 887 927 897 .
949 887 958 897 .
981 887 991 897 .

359 923 559 967 Adverso
590 930 799 981 proterret
828 940 949 981 equo.

266 994 423 1037 Omnia
452 994 598 1051 igitur,
634 1010 741 1052 quae
772 995 912 1049 attuli,
948 1011 1043 1039 cum
1078 996 1240 1039 nullum
1269 994 1572 1054 praeiudicium
1603 1010 1669 1038 se-

146 1071 267 1107 cutus
281 1065 484 1122 pondero,
505 1066 598 1109 aliis
611 1081 778 1123 quoque
791 1081 858 1109 me
871 1081 1169 1124 persuasurum
1182 1082 1274 1110 esse
1289 1081 1425 1124 spero,
1445 1066 1670 1109 lectionem

147 1138 302 1193 lorcyus
333 1152 359 1179 a
388 1136 626 1180 Ribbeckio
658 1137 833 1195 aliisque
865 1138 955 1181 iure
986 1142 1198 1196 receptam
1227 1153 1313 1180 non
1344 1152 1449 1181 esse.

696 1279 741 1323 g.
774 1266 853 1312 III.
885 1264 974 1311 478
1006 1280 1101 1326 sqq.

297 1371 385 1414 Hie
416 1371 641 1427 quondam
671 1371 820 1413 morbo
851 1372 960 1414 caeli
988 1372 1243 1414 miseranda
1273 1375 1419 1414 coorta
1450 1374 1513 1414 est

300 1442 545 1499 Tempestas
578 1445 745 1498 totoque
776 1442 989 1485 autumni
1016 1443 1255 1486 incanduit
1283 1446 1408 1486 aestu

295 1513 357 1555 Et
382 1527 523 1568 yerius
553 1527 681 1556 omne
711 1513 809 1556 neci
832 1514 1056 1570 pecudum
1086 1514 1214 1568 dedit,
1246 1528 1374 1556 omne
1403 1513 1605 1569 ferarum

301 1584 610 1641 Corripuitque
642 1586 775 1638 lacus,
807 1585 967 1641 infecit
990 1584 1160 1642 pabula
1192 1585 1302 1627 tabo.

776 1682 810 1710 u

262 1727 318 1770 P:
341 1727 581 1784 corripuit;
605 1744 646 1786 y:
662 1727 867 1784 corripit‚·
890 1727 1001 1771 MR:
1024 1728 1233 1785 eorrupit,
1255 1725 1493 1770 Scholiasta
1509 1725 1672 1768 Lucani

145 1805 189 1841 et
226 1798 400 1841 Servius
439 1799 639 1855 eorrupit
673 1804 883 1841 testantur
920 1798 1000 1853 (Of.
1031 1798 1337 1851 Ribbeckium).
1405 1796 1667 1839 Ribbeckius

144 1870 344 1927 eorrupit
373 1869 545 1927 scripsit
551 1885 563 1923 ;
594 1868 672 1913 sed
702 1884 776 1912 cur
806 1870 1005 1927 eorrupit
1033 1868 1216 1912 Palatini
1234 1867 1408 1912 lectioni
1428 1867 1668 1925 praeferen-

145 1941 247 1984 dum
278 1941 351 1994 sit,
388 1956 475 1983 non
505 1940 723 1998 intellego,
760 1941 843 1984 nisi
878 1941 988 1984 forte
1025 1941 1119 1998 quis
1151 1941 1349 1983 usitatam
1378 1939 1517 1982 minus
1548 1939 1671 1982 tritae

146 2018 189 2055 et
219 2011 467 2069 elegantiori
496 2011 655 2054 formae
685 2011 880 2069 praefert.

268 2084 381 2127 Tabo
418 2099 504 2126 non
540 2084 679 2126 minus
717 2099 812 2126 cum
849 2084 1068 2141 corripuit
1102 2098 1228 2140 quam
1264 2098 1359 2125 cum
1389 2082 1548 2138 infecit
1576 2082 1671 2125 iun-

143 2154 329 2212 gendum
360 2169 454 2198 esse
486 2169 650 2198 censeo.
718 2155 941 2212 Corripere
972 2155 1146 2212 aliquid
1174 2155 1328 2211 aliqua
1357 2169 1404 2197 re
1441 2168 1527 2196 non
1558 2158 1673 2196 caret

145 2227 347 2283 analogia.
408 2226 462 2271 cf.
494 2226 604 2269 Aen.
635 2226 671 2269 Ι.
703 2229 772 2270 45.

358 2297 487 2339 ΙΠ11111
518 2298 802 2355 exspirantem
832 2299 1033 2341 transfixo
1063 2303 1235 2355 pectore
1265 2297 1453 2340 flammas

360 2368 549 2412 Turbine
580 2369 794 2428 corripuit.

204 2440 313 2482 Aen.
344 2440 428 2482 XI.
461 2442 560 2483 899.

360 2510 564 2568 Ingruere
594 2511 782 2554 infensos
813 2511 948 2554 hostis
980 2516 1024 2554 et
1053 2511 1194 2554 Marte
1226 2509 1413 2553 secundo

362 2582 520 2626 Omnia
550 2583 815 2641 corripuisse.

146 2654 254 2697 Plin.
285 2654 341 2697 N.
371 2654 430 2696 H.
460 2654 520 2697 X.
552 2657 622 2698 40.
655 2656 730 2698 56:
763 2655 987 2713 Corripere
1017 2653 1177 2712 aliquid
1206 2668 1362 2698 morsu.

265 2725 340 2772 Sil.
360 2726 456 2770 Ital.
468 2726 603 2770 XIII.
620 2729 689 2771 80.
708 2726 812 2770 haec
831 2726 1057 2784 (Minerva)
1077 2759 1087 2770 .
1104 2759 1113 2769 .
1130 2759 1140 2770 .
1154 2759 1164 2770 .
1184 2724 1328 2770 Celtas
1348 2723 1551 2784 corripuit
1569 2724 1668 2769 leto.
