1826 3152
883 167 939 221 '25

270 305 452 361 „Primi“
471 312 612 350 autem
631 312 853 365 postquam
878 308 1035 362 hostes,
1066 322 1161 350 cum
1190 306 1342 364 quibus
1372 296 1524 349 manus
1543 299 1673 347 semel

153 384 468 433 conseruerant,
511 384 816 437 cognoverunt,
858 378 912 423 de
953 372 1051 423 1136
1074 394 1119 423 re
1163 378 1266 422 alios
1309 377 1441 436 magis
1484 380 1670 420 remotos

154 450 353 507 certiores
382 450 552 493 faciunt.

271 521 371 564 Non
402 536 500 578 ergo
530 527 647 579 puto,
677 527 850 579 propter
879 536 939 574 ea,
982 536 1087 578 quae
1118 521 1377 564 Ribbeckius
1408 525 1555 563 contra
1584 518 1669 562 lec-

153 592 311 635 tionem
335 593 481 650 primi
510 592 662 646 attulit,
693 607 785 635 eam
816 607 909 635 esse
939 592 1254 649 improbandam
1285 599 1328 636 et
1357 590 1670 635 removendam.

271 663 408 707 Immo
452 664 577 708 lectio
620 664 673 708 ab
715 664 809 722 ipso
854 664 1088 708 Ribbeckio
1134 670 1303 723 recepta
1349 664 1526 708 Priami
1569 662 1670 706 ferri

153 751 238 779 non
268 742 422 794 potest.

271 808 383 851 Nam
414 808 644 851 secundum
673 808 956 851 Ribbeckium
986 823 1112 851 voces
1149 809 1324 850 Priami
1354 809 1509 864 clipeos
1540 822 1665 849 men-

156 879 320 935 titaque
352 880 435 923 tela
473 880 746 935 adynosczmt
787 880 848 922 sic
888 878 1192 936 intellegendae
1230 885 1349 923 sunt:
1395 878 1670 936 adgnoscunt,

153 948 225 992 illa
244 965 369 1003 arma,
400 964 506 1006 quae
527 950 643 1007 ipsos
663 950 910 1003 fefellerant,
941 965 1025 992 non
1056 965 1081 992 a
1102 950 1287 1003 Graecis,
1318 951 1393 993 sed
1424 967 1450 992 a
1474 950 1668 992 Troianis

153 1021 319 1078 gestari.
416 1024 419 1025 ⁷
761 1036 764 1039 ⁴

273 1085 377 1139 Sed,
420 1086 473 1129 de
517 1102 600 1143 qua
634 1102 680 1129 re
716 1087 996 1142 Ladevicus¹)
1039 1103 1205 1145 quoque
1249 1093 1291 1130 et
1320 1086 1562 1137 Weidner2)
1593 1086 1668 1128 ad-

155 1163 418 1212 monuerunt,
449 1173 532 1215 quo
559 1157 685 1202 modo
716 1174 845 1202 voces
867 1159 1044 1202 Priami
1073 1160 1228 1215 clipeos
1259 1159 1528 1214 adynoscunt
1555 1156 1670 1199 idem

155 1229 385 1286 significare
405 1230 571 1286 possint
590 1245 639 1272 ac
654 1234 927 1286 coynoseunt,
948 1231 1105 1287 clipeos
1132 1231 1396 1273 Graecorum
1416 1244 1444 1272 a
1467 1228 1670 1272 Troianis

151 1301 331 1356 qestari,
369 1315 454 1342 non
489 1300 699 1357 intellego,
730 1316 866 1358 neque
904 1301 1163 1345 Ribbeckius
1195 1300 1507 1343 demonstravit.
1567 1299 1670 1341 Mea

154 1369 326 1427 quidem
368 1371 577 1414 sententia
611 1371 690 1415 hae
726 1387 854 1416 voces
891 1387 977 1415 non
1007 1372 1090 1415 alio
1121 1379 1248 1415 sensu
1277 1371 1461 1427 intellegi
1490 1375 1670 1427 possunt

154 1443 236 1485 nisi
265 1442 369 1485 hoc:
400 1449 694 1499 „cog-noscunt,
724 1443 882 1501 clipeos
913 1444 1071 1487 Priami
1101 1459 1194 1487 esse
1224 1443 1415 1500 proprios
1446 1448 1530 1496 aut,
1560 1457 1667 1494 611111,

155 1528 262 1570 quae
292 1513 451 1556 Priami
482 1520 591 1568 sunt,
621 1514 805 1558 Troiana
835 1514 931 1569 sint,
969 1515 1127 1572 clipeos
1158 1515 1361 1557 Troianos
1392 1518 1520 1556 esse“.
1582 1512 1669 1555 Sed

155 1584 312 1640 clipeos
343 1584 548 1626 Troianos
578 1580 748 1628 Aeneas
780 1586 966 1642 sociique
998 1601 1093 1628 cum
1125 1586 1298 1629 Graecis
1328 1590 1602 1627 mutaverant.

273 1653 360 1697 Sed
397 1655 433 1697 si
471 1670 596 1698 voces
634 1656 811 1699 Priami
847 1657 1005 1713 clipeos
1044 1658 1316 1712 adynoscunt
1356 1670 1480 1698 sensu
1510 1670 1536 1697 a
1565 1654 1670 1697 Rib-

154 1725 304 1767 beckio
334 1725 498 1783 prolato
528 1726 715 1783 intellegi
745 1733 938 1784 possent,
980 1743 1034 1770 ne
1077 1734 1167 1770 tum
1209 1727 1378 1785 quidem
1412 1727 1514 1769 11366
1543 1726 1669 1769 lectio

154 1796 323 1853 probari
364 1802 522 1853 posset.
594 1798 707 1840 Nam
750 1798 822 1841 illa
869 1814 1002 1853 arma,
1048 1814 1154 1856 quae
1197 1799 1312 1856 ipsos
1353 1797 1603 1850 fefellerant,
1646 1812 1672 1839 3

154 1867 368 1921 Troianis,
410 1882 496 1910 non
527 1883 552 1911 a
583 1868 758 1912 Graecis
788 1875 954 1927 gestata
984 1886 1090 1924 esse,
1134 1870 1286 1914 Graeci
1328 1876 1438 1913 certe
1475 1884 1560 1911 non
1589 1868 1671 1910 hoc

155 1937 324 1979 demum
354 1943 542 1994 tempore
574 1946 856 1995 cognoscunt,
900 1957 983 1997 quo
1026 1942 1179 1984 iterum
1215 1957 1308 1983 cum
1343 1940 1535 1983 Troianis
1572 1955 1672 1981 con-

154 2006 404 2065 grediuntur
417 2025 428 2062 ;
472 2008 550 2052 sed
582 2025 655 2054 eos
685 2010 731 2054 id
760 2011 845 2054 iam
874 2001 1009 2066 antea,
1041 2027 1091 2055 60
1121 2012 1215 2070 ipso
1245 2017 1443 2069 tempore,
1473 2024 1556 2067 quo
1586 2010 1673 2067 pri-

154 2095 269 2122 mum
297 2095 446 2123 manus
478 2089 797 2136 conseruerunt,
841 2084 1091 2140 cognovisse
1122 2089 1310 2140 oportet,
1353 2098 1447 2124 cum
1483 2081 1671 2132 Graecos

156 2165 202 2194 se
232 2150 405 2209 aggredi
443 2151 597 2196 Graeci
640 2159 752 2197 certe
788 2159 937 2212 putare
974 2169 1060 2197 non
1105 2159 1308 2212 poterant.
1368 2153 1593 2195 Praeterea
1635 2152 1672 2194 si

156 2237 251 2265 cum
280 2223 516 2267 Ribbeckio
548 2226 725 2268 Priami
753 2226 929 2283 legimus
942 2259 954 2279 ,
996 2241 1124 2269 voces
1167 2229 1296 2281 atque
1332 2239 1410 2266 ora
1438 2238 1544 2266 sono
1575 2224 1667 2265 dis-

155 2294 304 2336 cordia
333 2295 516 2350 siqnant
556 2295 610 2338 de
647 2297 841 2339 omnibus
881 2296 1055 2339 Graecis
1097 2294 1420 2339 adventantibus
1466 2293 1674 2337 dicuntur.

157 2363 245 2407 Sed
277 2364 358 2408 hoc
388 2365 579 2423 ineptum
610 2372 734 2422 esset,
765 2383 872 2422 cum,
904 2367 940 2411 si
971 2382 1114 2411 omnes
1131 2365 1284 2410 Graeci
1314 2363 1464 2408 eodem
1483 2370 1674 2422 tempore

155 2435 418 2492 peregrinam
449 2436 729 2481 elocutionem
757 2437 944 2480 hostium
974 2437 1364 2488 animadverterent,
1395 2451 1441 2478 se
1472 2436 1587 2492 ipsos
1620 2435 1674 2478 de

156 2505 236 2549 hac
264 2522 311 2550 re
343 2507 542 2552 certiores
572 2508 760 2552 facerent
789 2523 962 2552 necesse
992 2523 1077 2551 non
1107 2512 1231 2550 esset.
1291 2505 1428 2548 Immo
1459 2505 1539 2549 hae
1570 2521 1675 2563 quo-

278 2647 310 2693 ¹)
334 2648 537 2687 Ladevicus
561 2648 600 2686 in
623 2648 793 2686 editionis
817 2648 856 2685 in
878 2659 982 2686 usum
1010 2648 1168 2685 tironum
1192 2647 1414 2694 compositae
1438 2647 1675 2685 adnotatione

157 2710 308 2809 ssrltlcff)
321 2764 508 2811 Weidner,
518 2764 747 2802 Commentar
758 2775 805 2802 zu
812 2763 960 2810 Vergils
972 2763 1114 2810 Aeneis,
1123 2763 1226 2800 Buch
1233 2763 1253 2800 Ι
1263 2762 1338 2800 und
1345 2763 1395 2801 Π,
1404 2763 1560 2810 Leipzig
1570 2762 1671 2799 1869.
