1826 3152
890 136 944 192 15

274 273 464 323 Macrob.
494 276 579 325 VI.
613 280 650 322 1.
683 281 751 323 37.
774 283 998 336 perayunt
1033 278 1262 322 secundum
1300 275 1384 324 VI.
1418 278 1521 322 384:
1560 272 1676 334 Ergo

156 351 237 394 iter
265 351 480 409 inceptum
509 355 726 409 peragunt.

215 433 324 477 Aen.
354 433 489 480 VIH.
521 434 620 477 461.

367 505 460 547 Nec
480 519 565 547 non
586 509 630 546 et
648 504 804 561 gemini
824 504 1021 547 custodes
1047 505 1189 547 limine
1218 505 1271 547 ab
1292 505 1377 547 alto

368 574 645 619 Praecedunt.

274 657 473 700 Mam-ob.-
495 662 571 700 sat.
602 658 662 703 V.
694 661 733 701 8.
766 659 804 700 6.
843 659 996 701 limine
1032 659 1085 700 in
1113 659 1210 714 ipso
1241 657 1472 701 secundum
1502 657 1618 699 locos
1650 672 1675 699 a

156 727 393 772 Ribbeckio
424 728 590 772 allatos:
623 729 697 772 ecl.
728 728 862 775 VHI.
896 731 963 772 92.
994 729 1102 771 Aen.
1134 729 1192 771 X.
1226 731 1323 772 355.
1353 728 1438 770 XI.
1470 731 1569 771 881.

272 810 373 853 Alia
402 811 592 854 eiusdem
620 812 804 868 generis,
835 827 942 868 quae
973 811 1122 854 afferre
1152 827 1343 868 possum,
1376 812 1545 864 omitto,
1577 827 1673 853 cum

154 880 225 925 vel
256 896 309 924 ex
339 882 399 924 eis
429 882 551 936 locis,
588 896 693 939 quos
724 882 864 936 attuli,
901 887 1118 939 appareat,
1155 888 1198 925 et
1227 882 1494 924 Mam-obium
1530 882 1673 938 negle-

155 952 388 1009 gentiorem
417 953 644 996 lectionum
669 958 822 996 testem
845 966 946 996 *esse
977 958 1021 995 et
1051 953 1141 996 eius
1169 952 1357 995 codicem
1377 953 1673 1009 interpolatum

155 1022 299 1066 fuisse.
359 1023 433 1066 Ad
462 1023 587 1067 huius
622 1024 705 1067 loci
734 1023 958 1074 lectionem
993 1038 1138 1066 veram
1173 1023 1475 1066 restituendam
1504 1024 1672 1066 maioris

157 1094 361 1137 momenti
392 1099 469 1148 est,
499 1109 763 1151 cognoscere,
793 1100 867 1137 aut
886 1094 1150 1137 Mam-obium
1171 1095 1310 1152 ipsum
1329 1094 1514 1151 Vergilii
1544 1095 1674 1137 verba

157 1164 388 1208 secundum
431 1166 608 1208 aliorum
650 1171 887 1223 poetarum,
923 1166 1146 1223 praecipue
1182 1166 1361 1209 Homeri
1396 1166 1530 1216 locos,
1567 1181 1672 1222 quos

157 1236 196 1278 ei
226 1236 413 1278 imitatus
445 1251 538 1279 esse
568 1235 804 1290 videbatur,
833 1237 1076 1290 mutavisse,
1107 1242 1180 1278 aut
1209 1237 1252 1278 in
1283 1237 1373 1279 eius
1402 1236 1545 1278 codice
1567 1237 1672 1279 tales

156 1306 424 1363 antiquorum
453 1311 674 1363 poetarum
702 1307 818 1349 locos
849 1306 1084 1364 adscriptos
1114 1307 1257 1350 fuisse.

274 1401 381 1444 Eius
411 1401 578 1458 generis
607 1401 725 1444 locus
756 1401 860 1444 mihi
889 1401 1059 1446 videtur
1090 1416 1201 1444 esse:

214 1494 324 1538 Aen.
354 1493 416 1537 Π.
448 1495 532 1538 361
566 1509 645 1552 sq.:

370 1577 481 1628 Quis
512 1577 674 1619 cladem
703 1577 815 1619 illius
845 1577 994 1630 noctis,
1025 1576 1118 1633 quis
1149 1577 1297 1619 funera
1325 1576 1452 1620 fando

371 1647 569 1705 Explicet
598 1653 672 1691 aut
699 1648 837 1706 possit
864 1648 1046 1691 lacrimis
1077 1663 1254 1704 aequare
1284 1648 1461 1702 labores,

156 1744 263 1789 quos
284 1744 433 1775 versus
463 1736 592 1788 poeta
618 1732 877 1789 expressisse
897 1730 1067 1775 videtur
1087 1730 1317 1773 secundum
1336 1731 1464 1775 Hom.
1487 1730 1570 1775 Od.
1586 1730 1671 1775 ΙΠ.

157 1804 242 1845 113
274 1817 364 1859 sqq.

535 1880 719 1900 'Dux

243 1954 399 2000 Πάντα
429 1972 475 2014 γε
503 1954 754 2017 μυθήσαιτο
785 1959 1069 2016 καταθνητῶν
1099 1952 1359 2016 ἀνθρώπων.

154 2034 399 2082 Macrobius
436 2044 595 2093 autem,
632 2044 709 2082 sat.
740 2038 799 2085 V.
833 2040 871 2081 1.
904 2040 971 2082 10.
1012 2053 1263 2096 quamquam
1299 2039 1463 2083 labores
1498 2044 1673 2098 propter

154 2110 363 2168 πάθομεν
393 2111 526 2167 κακὰ,
558 2112 711 2167 ἐκεῖνα,
741 2110 888 2155 πάντα
919 2125 945 2152 a
973 2115 1100 2167 poeta
1130 2110 1329 2168 scriptum
1361 2126 1454 2154 esse
1485 2117 1672 2168 apparet,

154 2195 233 2239 pro
262 2181 342 2224 hac
372 2195 478 2226 voce
509 2182 697 2225 dolorem
726 2180 913 2235 tradidit,
944 2180 1059 2238 quod
1083 2195 1136 2223 ex
1157 2180 1309 2234 verbis,
1340 2181 1492 2237 quibus
1513 2182 1673 2224 Nestor

155 2251 228 2294 illo
258 2251 352 2295 loco
382 2253 663 2295 narrationem
693 2268 813 2295 suam
842 2252 1005 2295 orditur
1034 2251 1133 2308 (Od.
1163 2251 1248 2294 111.
1282 2253 1381 2306 103)

364 2329 418 2379 Ὦ
449 2331 557 2396 φίλ’,
588 2334 687 2380 ἐπεὶ
715 2331 948 2395 μ’ἐζιινησας
977 2331 1119 2389 ὀϊζύος
1148 2333 1417 2391 desumptum
1447 2339 1523 2377 est.

274 2415 418 2461 Etiam
447 2417 580 2475 magis
611 2423 804 2475 apertum
830 2423 908 2472 est,
938 2417 1188 2461 vocabulum
1208 2432 1234 2459 a
1253 2416 1448 2474 Vergilio
1470 2417 1673 2476 scriptum

91 2506 98 2510 Χ
157 2488 362 2535 vocabulo
393 2504 449 2532 ex
476 2488 667 2532 Homero
698 2488 910 2547 descripto
942 2502 1190 2546 oppressum
1221 2503 1314 2532 esse
1344 2488 1460 2532 hisce
1490 2489 1612 2534 locis:

214 2572 325 2616 Aen.
354 2570 441 2616 ΙΠ.
473 2564 574 2615 192.
627 2619 629 2621 ,

275 2643 508 2702 Postquam
537 2644 668 2687 altum
697 2649 870 2688 tenuere
900 2648 1012 2687 rates
1042 2658 1121 2687 nec
1150 2642 1233 2687 iam
1263 2642 1441 2704 amplius
1474 2643 1584 2692 ullae

274 2715 497 2780 Apparent
525 2720 661 2761 terrae
682 2748 693 2761 .
716 2749 726 2763 .
751 2749 761 2761 .
