1826 3152
894 115 920 164 6

152 249 361 308 praetulit.
411 248 531 292 Inter
561 264 667 306 quos
698 249 880 307 primum
908 249 1048 293 locum
1078 248 1287 294 concessit
1306 248 1512 304 Palatino,
1544 264 1670 308 quem
1723 298 1725 300 ,
1770 286 1773 288 .

152 321 359 365 editiones
382 321 737 365 Commelinianae
765 326 940 380 secutae
962 327 1072 376 sunt,
1104 337 1211 380 quae
1238 322 1359 366 annis
1384 324 1513 377 1589,
1543 323 1670 375 1599,

154 395 267 437 1603
304 393 562 450 prodierunt.
631 392 718 436 Sed
754 408 849 435 cum
885 393 964 436 hae
1002 393 1209 437 editiones
1245 395 1448 437 lectiones
1485 393 1669 437 Palatini

150 479 297 520 parum
341 468 531 505 accurate
574 462 837 505 reddiderint
881 469 942 516 et,
992 464 1072 507 etsi
1115 479 1141 506 a
1184 465 1287 507 viris
1324 464 1461 507 doctis
1500 464 1669 507 omnino

150 534 364 591 neglectae
386 549 471 576 non
493 534 590 588 sint,
616 539 756 577 tamen
777 533 964 578 Medicei
985 535 1224 580 auctoritati
1250 535 1421 579 minime
1441 522 1672 589 nocuerint,

149 606 299 648 merito
331 606 414 648 dici
444 612 604 662 potest,
643 605 926 649 Ribbeckium
957 606 1144 660 demum,
1181 607 1254 663 qui
1293 607 1453 664 primus
1485 606 1672 649 codicem

151 676 374 733 diligenter
404 677 565 719 Romae
597 673 786 730 contulit,
818 691 914 719 eum
944 677 1055 719 inter
1082 677 1213 720 libros
1244 677 1562 735 manuscriptos,
1599 676 1672 734 qui

153 747 271 804 digni
286 753 440 800 essent,
459 762 637 804 quorum
649 748 892 790 testimonia
906 749 948 790 in
963 748 1165 790 iudicium
1178 762 1436 801 vocaremus,
1450 747 1672 804 recepisse.

152 818 413 862 Ribbeckius
435 824 587 872 autem,
619 833 713 860 cum
734 819 777 861 in
799 817 984 862 editione
1006 834 1083 862 sua
1101 818 1304 861 lectiones
1333 818 1524 876 vulgatas
1546 832 1672 875 saepe
1734 841 1738 844 >

152 890 390 943 removerit,
420 904 488 932 me
520 890 759 943 commovit,
789 896 838 932 ut
868 889 923 932 ad
953 890 1137 947 Vergilii
1168 889 1336 933 codices
1358 889 1501 933 oculos
1522 888 1672 933 adver-

153 966 286 1003 terem
317 966 372 1013 et,
403 975 509 1017 quae
542 960 717 1017 singulis
738 960 955 1004 codicibus
975 960 1080 1004 fides
1104 959 1299 1004 habenda
1319 966 1444 1014 esset,
1474 960 1697 1004 continuo‘

154 1033 293 1075 varias
335 1032 539 1075 lectiones
576 1033 823 1089 inspiciens,
866 1032 1103 1086 conferens,
1146 1031 1380 1075 diiudicans
1421 1046 1673 1088 cognoscere

155 1118 338 1145 conarer.
389 1102 570 1159 Legenti
592 1108 732 1145 autem
761 1103 865 1145 mihi
895 1103 976 1145 hoc
1002 1103 1129 1146 modo
1151 1102 1469 1159 diligentissime
1490 1101 1674 1159 Vergilii

154 1174 338 1216 cannina
352 1173 555 1231 persuasi,
575 1173 788 1227 iudicium,
810 1173 924 1231 quod
939 1174 1200 1217 Ribbeckius
1222 1173 1275 1216 de
1297 1179 1460 1231 septem
1473 1173 1675 1216 librorum

153 1246 288 1288 literis
318 1245 559 1287 maiusculis
583 1244 845 1301 scriptorum,
877 1244 1126 1287 schedarum
1147 1245 1453 1290 Vaticanarum
1473 1244 1523 1297 F,
1555 1243 1674 1286 sche-

156 1315 303 1359 darum
333 1315 630 1373 rescriptarum
662 1313 996 1371 Sangallensium
1029 1314 1083 1369 G,
1113 1314 1300 1358 Medicei
1328 1314 1391 1369 M,
1421 1314 1605 1358 Palatini
1625 1314 1674 1368 P,

153 1388 335 1430 Romani
355 1387 408 1440 R,
440 1386 688 1429 schedarum
716 1386 1015 1443 rescriptarum
1035 1387 1353 1431 Veronensium
1374 1387 1433 1440 V,
1463 1386 1675 1444 Augustei

153 1459 197 1502 A
217 1458 300 1501 fide
323 1464 366 1501 et
386 1458 633 1501 auctoritate
654 1457 766 1510 fecit,
786 1458 1019 1513 generatim
1040 1463 1165 1515 atque
1187 1458 1383 1502 universe
1404 1473 1553 1502 verum
1568 1449 1688 1502 esses

271 1541 544 1594 Ribbeckius,
559 1545 785 1597 postquam
801 1539 969 1583 codices
987 1540 1222 1598 descripsit,
1238 1541 1291 1583 de
1306 1542 1367 1584 eis
1381 1542 1442 1584 sic
1457 1541 1673 1596 iudicatu:

151 1614 305 1670 „Ergo,
337 1612 438 1669 quid
471 1618 615 1670 aptum
647 1617 691 1654 et
710 1611 932 1668 pulchrum
953 1627 1121 1668 quoque
1149 1612 1242 1655 loco
1265 1612 1332 1667 sit,
1363 1612 1568 1670 imprimis
1589 1611 1674 1655 acri

153 1700 282 1728 sensu
314 1682 641 1736 diiudicandum,
672 1683 716 1724 in
747 1682 887 1725 dubiis
909 1682 1151 1725 testimonia
1171 1697 1271 1739 prae
1294 1683 1444 1725 ceteris
1466 1681 1676 1725 audienda

153 1763 253 1800 sunt
272 1755 466 1808 Palatini,
488 1755 567 1809 cui,
588 1754 661 1798 ubi
677 1760 858 1808 exstant,
879 1754 1117 1799 Vaticanae
1139 1760 1182 1798 et
1195 1754 1472 1799 Veronenses
1495 1752 1674 1797 schedae

151 1843 275 1885 pares
305 1827 394 1869 fere
424 1826 643 1869 habendae
675 1831 785 1868 sunt.
852 1825 987 1867 Paulo
1013 1825 1205 1875 inferior,
1244 1839 1496 1882 quamquam
1526 1825 1675 1868 adfinis

150 1899 354 1952 Palatini,
405 1896 648 1950 Mediceus,
705 1894 984 1939 diffidendum
1032 1911 1135 1939 vero
1184 1895 1430 1953 plerumque
1469 1895 1675 1939 Romano.

152 1957 412 2014 Schedarum
441 1969 485 2012 A
499 1968 541 2012 G
573 1967 628 2011 ad
659 1966 1003 2011 constituendum
1032 1972 1198 2010 textum
1227 1982 1329 2010 usus
1361 1968 1575 2025 exiguus.“

269 2052 556 2096 Nihilominus
594 2051 639 2094 in
676 2050 852 2107 singulis
890 2050 1017 2093 rebus
1055 2050 1247 2093 dubitare
1277 2050 1395 2103 licet,
1438 2065 1541 2092 num
1571 2049 1677 2092 Rib-

150 2125 326 2169 beckius
371 2138 539 2181 semper
582 2121 636 2165 de
673 2120 961 2179 praeferendis
1005 2126 1079 2163 aut
1114 2121 1423 2179 postponendis
1460 2120 1676 2164 codicibus

149 2203 264 2240 recte
295 2195 557 2238 iudicaverit.
608 2193 706 2236 Etsi
728 2193 838 2236 enim
859 2207 945 2235 non
966 2207 1087 2249 nego,
1117 2193 1358 2235 Palatinum
1376 2192 1481 2235 locis
1503 2191 1676 2251 quibus·
1725 2215 1728 2218 ⁴

153 2267 251 2310 dam
281 2264 544 2324 sequendum
574 2279 657 2307 non
690 2278 797 2317 esse,
834 2263 987 2320 quibus
1018 2262 1240 2306 Mediceus
1270 2263 1495 2307 lectionem
1524 2262 1677 2320 proba-

150 2340 278 2383 bilem
308 2338 501 2397 praebet,
539 2342 682 2381 tamen
719 2336 847 2379 etiam
877 2336 1064 2393 saepius,
1102 2351 1228 2393 quam
1263 2334 1525 2378 Ribbeckius
1563 2334 1677 2388 fecit,

150 2411 332 2453 Palatini
376 2409 625 2466 scriptiones
668 2406 908 2465 probandas
952 2422 1046 2450 esse
1088 2417 1205 2464 puto.
1270 2407 1383 2449 Nam
1425 2418 1677 2463 quamquam

152 2482 220 2526 vel
252 2482 436 2539 optimus
468 2479 604 2523 codex
635 2494 761 2537 saepe
792 2479 1070 2536 interpolatus
1108 2484 1191 2531 est,
1227 2483 1367 2521 tamen
1405 2477 1450 2520 in
1479 2477 1674 2521 Palatino

151 2567 318 2610 semper
346 2552 435 2595 fere
466 2566 718 2608 cognoscere
734 2565 987 2609 possumus,
1017 2548 1130 2593 unde
1150 2549 1353 2593 lectiones
1380 2562 1537 2607 pravae
1558 2552 1675 2591 ortae

275 2717 306 2760 ¹)
330 2715 477 2760 Proleg.
502 2715 582 2752 erit.
608 2727 640 2762 p.
667 2714 747 2752 320.
