1826 3152
871 158 895 209 7

128 290 230 346 sint,
271 303 408 350 neque
452 289 700 336 deterrimus
738 291 1123 350 antiquissimorum
1158 291 1375 335 Romanus
1417 290 1646 336 lectionum

126 364 331 408 bonarum
360 369 447 407 tam
475 364 599 422 inops
630 369 707 419 est,
737 369 786 407 ut
805 379 856 408 eo
877 365 1047 408 omnino
1068 379 1208 408 carere
1228 365 1452 422 possimus.
1497 364 1641 407 Huius

120 425 189 479 ¹rei
232 441 373 480 autem
408 451 576 480 causam
612 451 705 480 esse
741 436 849 480 hanc
884 442 1006 495 puto:
1046 435 1226 481 Codices
1257 435 1459 494 Vergilii,
1495 450 1522 479 a
1558 449 1642 493 quo

127 507 359 549 secundum
396 507 706 559 Quintilianum
716 510 745 563 ¹)
781 508 907 550 lectio
944 507 1188 564 incipiebat,
1225 522 1350 564 quem
1385 522 1472 549 non
1501 507 1640 549 minus

125 577 284 621 tirones
314 578 449 636 prima
479 578 684 622 elementa
723 576 934 621 discentes
965 592 1090 635 quam
1120 577 1410 621 adulescentes
1440 577 1644 620 maiorum

126 649 237 693 facta
266 649 531 705 admirantes,
567 665 654 693 non
682 650 821 693 minus
852 665 992 693 rerum
1020 650 1074 694 ab
1104 650 1306 693 Romanis
1338 649 1640 707 antiquissimis

126 721 385 779 temporibus
421 726 633 778 gestarum
670 719 849 765 studiosi
891 736 1016 778 quam
1055 721 1319 778 grammatici
1359 721 1527 778 linguae
1571 726 1645 763 aut

125 793 239 836 vitae
269 793 460 850 publicae
490 793 736 850 privataeve
767 792 1038 849 antiquitates
1066 798 1290 835 noscentes
1317 792 1525 850 legebant,
1555 796 1642 834 tam

125 860 278 920 integri
319 864 479 906 servari
520 878 606 906 non
647 868 843 920 poterant
885 878 1010 920 quam
1047 862 1213 905 codices
1250 863 1466 920 scriptoris
1503 862 1642 904 minus

126 935 226 977 clari
256 940 329 977 aut
358 935 496 977 minus
526 934 713 977 lectitati.
769 933 906 976 Immo
936 933 1027 976 fieri
1056 949 1142 977 non
1172 939 1349 991 poterat,
1380 934 1482 991 quin
1512 934 1645 977 multa

127 1006 551 1062 suprascriberentur‚
587 1011 636 1047 ut
671 1004 967 1047 admoneretur
1003 1004 1057 1047 de
1093 1005 1197 1047 locis
1236 1005 1441 1047 similibus
1479 1010 1644 1061 poetae,

126 1075 180 1119 de
210 1076 313 1119 locis
334 1076 586 1130 Homericis,
616 1076 834 1130 Ennianis,
864 1075 1140 1129 Lucretianis,
1171 1091 1277 1134 quos
1300 1076 1519 1133 Vergilius
1549 1076 1644 1118 imi-

125 1152 238 1190 tatus
270 1162 364 1190 esse
396 1147 635 1201 videbatur,
672 1153 721 1189 ut
750 1147 932 1204 denique
963 1162 1091 1190 voces
1128 1148 1266 1190 minus
1297 1147 1476 1191 usitatae
1508 1148 1642 1205 expli-

126 1223 328 1261 carentur.
389 1218 497 1261 Inde
517 1219 675 1262 factum
705 1223 782 1272 est,
811 1224 860 1260 ut
879 1218 950 1261 vel
971 1217 1102 1261 Gellii
1128 1223 1201 1260 aut
1221 1217 1360 1261 Servii
1380 1218 1642 1276 temporibus

59 1328 61 1331 Α
125 1294 213 1331 tam
241 1289 445 1332 immensa
463 1289 691 1333 lectionum
721 1290 902 1334 varietas
929 1289 1200 1343 inveniretur,
1230 1294 1279 1332 ut
1308 1290 1443 1333 nostri
1473 1305 1641 1347 quoque

126 1359 292 1403 codices
323 1361 450 1403 toties
480 1361 591 1403 inter
621 1376 667 1404 se
698 1360 949 1403 dissentiant
984 1366 1058 1403 aut
1086 1361 1386 1417 glossematum
1427 1367 1502 1404 aut
1537 1362 1643 1405 alius

48 1485 51 1487 Α
126 1431 324 1475 vitiorum
359 1433 547 1490 generis,
591 1431 686 1476 dico
722 1432 948 1476 lectionum
988 1447 1042 1476 ex
1078 1432 1160 1475 alio
1195 1432 1289 1476 loco
1326 1431 1645 1492 adscriptarum,

124 1508 190 1546 tot
218 1504 399 1561 vestigia
429 1503 665 1547 ostendant.

243 1575 365 1627 Quae
387 1590 481 1618 cum
500 1576 561 1619 ita
580 1576 677 1629 sint,
707 1575 760 1619 de
780 1575 884 1619 locis
906 1575 1169 1633 quibusdam,
1203 1575 1356 1632 quibus
1382 1575 1642 1620 Ribbeckius

125 1660 178 1687 ex
208 1646 335 1689 variis
365 1646 615 1690 lectionibus
646 1661 672 1689 a
701 1645 915 1690 codicibus
946 1646 1148 1703 praebitis
1185 1661 1271 1688 non
1308 1661 1401 1689 eam
1429 1648 1640 1705 recepisse

124 1716 304 1770 videtur,
334 1733 441 1774 quae
462 1717 590 1774 digna
610 1724 710 1772 erat,
740 1723 813 1760 aut
839 1717 990 1774 quibus
1017 1717 1209 1774 neglecta
1234 1718 1420 1760 omnium
1439 1718 1642 1761 librorum

124 1789 371 1832 auctoritate
413 1789 671 1846 grammatici
720 1787 937 1832 cuiusdam
984 1788 1271 1831 testimonium
1320 1789 1440 1846 sequi
1482 1790 1642 1844 maluit,

123 1874 257 1918 pauca
287 1861 547 1904 conscribere
578 1860 788 1904 constitui.

751 2001 834 2047 ecl.
867 2001 903 2047 Ι.
936 1998 1007 2046 83.

310 2095 585 2153 Maioresque
615 2097 781 2140 cadunt
809 2096 911 2139 altis
941 2111 970 2140 a
999 2097 1223 2139 montibus
1252 2096 1446 2140 umbrae.

241 2188 340 2232 Hoc
368 2189 463 2232 loco
494 2189 661 2234 codices
692 2191 971 2249 antiquissimi
1007 2196 1174 2249 praeter
1202 2191 1441 2233 Palatinum
1478 2197 1522 2234 et
1551 2191 1642 2235 Ro-

107 2333 292 2362 ·manum
313 2319 523 2364 deficiunt.
559 2322 612 2364 In
633 2322 827 2365 Palatino
853 2322 1007 2380 legitur
1037 2263 1087 2365 Ze
1098 2323 1322 2365 montibus
1358 2324 1646 2381 suprascripta

123 2392 174 2435 de
203 2393 534 2450 praepositione,
570 2393 615 2436 in
644 2393 837 2437 Romano
875 2395 925 2437 de
955 2394 1192 2437 montibus.
1258 2393 1521 2438 Ribbeckius
1558 2410 1645 2439 non

123 2463 287 2506 curavit
315 2464 396 2507 hoc
426 2479 455 2507 a
485 2470 529 2507 et
558 2466 609 2508 de
639 2465 818 2522 scripsit.
881 2464 970 2509 Sed
998 2480 1099 2507 num
1134 2470 1247 2508 recte
1277 2465 1443 2519 fecerit,
1482 2465 1644 2520 dubito,

124 2549 218 2577 cum
249 2549 278 2578 a
307 2550 446 2579 errore
478 2536 681 2594 scriptum
717 2552 810 2580 esse
847 2552 931 2580 non
968 2542 1124 2595 putem.
1184 2536 1301 2579 Nota
1331 2537 1441 2580 enim
1473 2536 1643 2582 dicendi

122 2607 293 2650 licentia
322 2622 417 2650 cum
448 2608 578 2651 verbo
610 2610 759 2652 eadere
788 2609 975 2668 iungitur
1004 2624 1033 2652 a
1061 2608 1330 2667 praepositio,

180 2793 182 2795 ,
244 2749 274 2793 1)
299 2749 448 2796 Quintil.
477 2749 509 2787 1.
533 2750 564 2785 8.
591 2749 625 2788 5.
660 2774 661 2777 η
