1826 3152
903 70 957 123 16

171 206 360 255 Macrob.
392 216 467 253 sat.
498 209 559 255 V.
593 213 631 253 3.
664 213 702 253 3.
739 211 833 253 ulla
863 213 1049 266 apparet
1079 210 1205 251 tellus
1235 208 1325 251 sine
1357 204 1486 251 dubio
1516 208 1691 265 propter

169 283 297 326 Hom.
329 281 413 325 Od.
444 280 552 324 XH.
583 283 670 324 403
709 283 820 336 (nam
856 280 910 324 de
946 280 1027 324 hoc
1056 280 1150 324 loco
1181 278 1381 323 admonet
1409 277 1688 334 Macrobius):·

377 351 492 397 Ἀλλ’
527 351 596 398 ὅτε
627 352 679 413 δὴ
710 352 787 413 τὴν
816 356 943 413 νῆσον
973 351 1212 409 ἐλείπομεν,
1244 348 1345 397 οὗδέ
1373 369 1440 405 τις
1469 346 1578 411 ἄλλη

387 422 570 469 Φαίνετο
601 422 778 482 γαιάων.
1618 418 1621 419 ’

283 495 379 538 Hos
411 510 559 538 versus
590 494 671 537 alio
700 494 794 538 loco
826 495 1046 552 Vergilius
1079 494 1312 538 accuratius
1343 494 1530 537 imitatus
1562 497 1646 536 est:

227 568 335 610 Aen.
367 566 426 612 V.
460 569 486 609 8
519 581 580 623 sq.

378 637 443 681 Ut
472 637 646 695 pelagus
676 642 851 680 tenuere
881 643 994 681 rates
1024 653 1103 681 nec
1134 638 1218 680 iam
1248 637 1427 695 amplius
1457 636 1543 679 ulla

382 708 579 752 Occurrit
608 708 745 752 tellus.

225 782 334 823 Aen.
363 780 453 822 III.
487 782 571 822 515
605 795 696 836 sqq.

383 850 533 894 Sidera
563 855 714 893 cuncta
743 856 865 894 notat
894 851 1024 894 tacito
1054 850 1240 895 labentia
1270 850 1386 894 caelo

380 922 611 964 Arcturum
640 921 892 979 pluviasque
923 922 1084 980 hyadas
1114 923 1388 979 geminosque
1418 921 1578 964 triones

382 993 689 1051 Armatumque
721 1010 822 1038 auro
854 995 1138 1053 circumspicit
1168 994 1340 1038 Oriona.
1757 1035 1767 1048 .

169 1066 253 1109 516
286 1065 476 1109 Macrob.
508 1071 584 1109 sat.
617 1066 676 1111 V.
700 1068 767 1109 11.
802 1068 855 1109 10
882 1067 1061 1123 pliadas
1091 1081 1168 1124 pro
1193 1067 1375 1123 pluvias
1404 1065 1546 1120 tradit,
1577 1064 1692 1123 quod

166 1143 215 1179 ut
244 1137 404 1180 faceret
435 1152 532 1179 eum
561 1138 788 1194 georgicon
818 1138 924 1191 1000,
954 1137 990 1180 Ι.
1024 1140 1107 1180 137
1142 1152 1215 1194 sq„

380 1207 541 1251 Navita
570 1213 662 1250 tum
693 1208 826 1251 steHis
857 1223 1054 1251 numeros
1086 1213 1130 1251 et
1158 1208 1329 1251 nomina
1357 1207 1459 1251 fecit

377 1280 614 1335 Pleiadas,
644 1280 804 1336 hyadas
836 1281 1071 1337 claramque
1103 1280 1314 1337 Lycaonis
1346 1285 1491 1323 arcton

168 1355 426 1393 commotum
457 1365 551 1393 esse
582 1356 845 1408 putaremus,
881 1351 965 1394 nisi
996 1366 1050 1394 ex
1081 1366 1144 1405 eo,
1176 1349 1292 1408 quod
1321 1349 1566 1393 Macrobius
1597 1365 1714 1393 cum.

168 1421 241 1464 illo
279 1421 374 1465 1000
410 1421 539 1465 Hom.
578 1421 663 1465 Od.
694 1421 754 1468 V.
787 1424 892 1477 272,
929 1422 1111 1478 confert,
1147 1426 1387 1481 appareret,
1418 1437 1515 1465 eum
1544 1436 1694 1467 vocem

162 1494 343 1550 pliadas
374 1509 428 1537 ex
458 1494 650 1537 Homero
680 1494 959 1538 transtufisse.

290 1575 424 1633 Apud
453 1576 692 1619 Homerum
723 1577 835 1619 enim
865 1577 969 1619 haec
998 1577 1196 1633 leguntur

380 1646 610 1708 Πληϊάδας
639 1645 675 1692 τ’
711 1648 913 1708 ἐσορῶντι
952 1648 1017 1704 (of.
1047 1649 1184 1691 notat!
1215 1647 1324 1691 Aen.
1360 1646 1447 1689 ΠΙ.
1480 1648 1580 1703 515)
1618 1646 1694 1691 καὶ

737 1716 826 1778 ὀψὲ
856 1718 1012 1765 δύοντα
1044 1718 1222 1780 Βοώτην

367 1785 554 1849 ’Ἀρκτον
584 1786 632 1834 θ’
656 1785 708 1850 ἢν
737 1790 814 1834 καὶ
846 1788 1015 1847 ἅμαξαν
1046 1789 1276 1850 ἐπίκλησιν
1305 1788 1543 1845 καλέουσιν,

377 1857 477 1905 ‘'Hv'
512 1857 649 1906 αὐτοῦ
680 1861 907 1922 στρέφεται
940 1861 1017 1906 καὶ
1045 1857 1219 1921 Ὠρίονα
1250 1859 1429 1906 δοκεύει.
1463 1885 1520 1891 -

225 1930 335 1974 Aen.
366 1930 452 1974 IX.
486 1932 570 1974 136
604 1946 695 1989 sqq.

740 2002 850 2047 Sunt
881 2008 925 2047 et
953 2017 1049 2047 mea
1079 2008 1225 2046 contra

382 2074 492 2117 Fata
522 2075 637 2129 mihi,
668 2075 780 2118 ferro
813 2075 1059 2118 sceleratam
1090 2073 1313 2117 excindere
1343 2077 1514 2130 gentem

382 2145 575 2203 Coniuge
605 2151 848 2204 praerepta;
878 2161 957 2190 nec
988 2146 1103 2190 solos
1132 2145 1269 2203 tangit
1297 2143 1473 2187 Atridas

379 2216 471 2260 Iste
504 2217 626 2261 dolor
657 2217 843 2275 solisque
873 2218 975 2260 licet
1005 2232 1154 2275 capere
1185 2217 1300 2260 arma
1329 2215 1538 2274 Mycenis.

162 2301 203 2331 v.
238 2288 321 2331 138
354 2287 545 2332 Macrob.
578 2295 655 2332 sat.
685 2289 771 2334 IV.
794 2291 834 2331 4.
869 2291 921 2332 11
956 2287 1086 2331 tradit
1115 2303 1193 2346 per
1228 2288 1602 2345 interrogationem
1631 2300 1694 2330 an

162 2360 275 2402 solos
307 2360 451 2416 tanyit
482 2375 517 2403 0.
550 2376 590 2417 q.
622 2376 667 2415 s.,
699 2361 790 2404 sine
821 2360 951 2404 dubio
982 2365 1158 2418 propter
1186 2359 1316 2402 Hom.
1346 2358 1398 2402 Π.
1428 2358 1512 2402 IX.
1545 2360 1643 2402 340.

374 2426 440 2476 3H
464 2436 618 2491 μοῦνοι
650 2429 842 2495 φιλέουσ’
867 2429 1048 2490 ἀλόχους
1077 2430 1282 2494 μερόπων
1312 2428 1564 2492 ἀνθρώπων

372 2501 617 2565 {Arcadum
1562 2560 1567 2564 .

278 2586 405 2630 Idem
443 2593 586 2631 autem
624 2588 873 2632 Macrobius
911 2593 988 2631 sat.
1019 2586 1079 2634 V.
1113 2589 1152 2642 9,
1184 2589 1210 2631 2
1247 2592 1362 2631 recte
1398 2602 1477 2645 per
1512 2586 1692 2630 affirma-

162 2657 321 2705 tionem
351 2673 430 2703 nee
459 2661 572 2703 solos
605 2661 750 2717 tangit
774 2660 958 2704 Atm'das
991 2661 1150 2714 tradit,·
1182 2665 1231 2703 ut
1253 2658 1493 2715 videamus,
1522 2658 1693 2702 Macro-
