<?xml version="1.0" encoding="UTF-8"?>
<!DOCTYPE html PUBLIC "-//W3C//DTD XHTML 1.0 Transitional//EN"
    "http://www.w3.org/TR/xhtml1/DTD/xhtml1-transitional.dtd">
<html xmlns="http://www.w3.org/1999/xhtml" xml:lang="en" lang="en">
 <head>
  <title>
</title>
<meta http-equiv="Content-Type" content="text/html;charset=utf-8" />
  <meta name='ocr-system' content='tesseract 3.04.00' />
  <meta name='ocr-capabilities' content='ocr_page ocr_carea ocr_par ocr_line ocrx_word'/>
</head>
<body>
  <div class='ocr_page' id='page_1' title='image "./4627212_0024.png"; bbox 0 0 1826 3152; ppageno 0'>
   <div class='ocr_carea' id='block_1_1' title="bbox 894 87 949 137">
    <p class='ocr_par' dir='ltr' id='par_1_1' title="bbox 894 87 949 137">
     <span class='ocr_line' id='line_1_1' title="bbox 894 87 949 137; baseline 0.018 -1"><span class='ocrx_word' id='word_1_1' title='bbox 894 87 949 137; x_wconf 85' lang='grc'><strong>18</strong></span> 
     </span>
    </p>
   </div>
   <div class='ocr_carea' id='block_1_2' title="bbox 781 152 1057 164">
    <p class='ocr_par' dir='ltr' id='par_1_2' title="bbox 781 152 1057 164">
     <span class='ocr_line' id='line_1_2' title="bbox 781 152 1057 164; baseline 0 0"><span class='ocrx_word' id='word_1_2' title='bbox 781 152 1057 164; x_wconf 95' lang='lat' dir='ltr'><strong> </strong></span> 
     </span>
    </p>
   </div>
   <div class='ocr_carea' id='block_1_3' title="bbox 150 220 1681 835">
    <p class='ocr_par' dir='ltr' id='par_1_3' title="bbox 156 220 1681 707">
     <span class='ocr_line' id='line_1_3' title="bbox 160 220 1681 281; baseline 0.002 -16"><span class='ocrx_word' id='word_1_3' title='bbox 160 226 204 265; x_wconf 93' lang='lat' dir='ltr'><strong>et</strong></span> <span class='ocrx_word' id='word_1_4' title='bbox 223 220 433 265; x_wconf 81' lang='lat' dir='ltr'><strong>adjectivo</strong></span> <span class='ocrx_word' id='word_1_5' title='bbox 465 235 618 264; x_wconf 79' lang='lat' dir='ltr'><strong>amaro</strong></span> <span class='ocrx_word' id='word_1_6' title='bbox 649 221 879 265; x_wconf 86' lang='lat' dir='ltr'><strong>substituto</strong></span> <span class='ocrx_word' id='word_1_7' title='bbox 910 237 1044 265; x_wconf 77' lang='lat' dir='ltr'><strong>sensu</strong></span> <span class='ocrx_word' id='word_1_8' title='bbox 1070 236 1224 266; x_wconf 84' lang='lat' dir='ltr'><strong>amaro</strong></span> <span class='ocrx_word' id='word_1_9' title='bbox 1255 223 1425 281; x_wconf 87' lang='lat' dir='ltr'><strong>scripsit</strong></span> <span class='ocrx_word' id='word_1_10' title='bbox 1451 224 1681 268; x_wconf 90' lang='lat' dir='ltr'><strong>secundum</strong></span> 
     </span>
     <span class='ocr_line' id='line_1_4' title="bbox 156 292 1679 351; baseline 0.001 -16"><span class='ocrx_word' id='word_1_11' title='bbox 156 292 455 335; x_wconf 89' lang='lat' dir='ltr'><strong>Lucretianum</strong></span> <span class='ocrx_word' id='word_1_12' title='bbox 497 293 621 348; x_wconf 83' lang='lat' dir='ltr'><strong>foedo</strong></span> <span class='ocrx_word' id='word_1_13' title='bbox 651 306 818 348; x_wconf 77' lang='lat' dir='ltr'><strong>sapore.</strong></span> <span class='ocrx_word' id='word_1_14' title='bbox 884 292 951 337; x_wconf 82' lang='lat' dir='ltr'><strong>Of.</strong></span> <span class='ocrx_word' id='word_1_15' title='bbox 984 293 1109 336; x_wconf 91' lang='lat' dir='ltr'><strong>Lucr.</strong></span> <span class='ocrx_word' id='word_1_16' title='bbox 1139 293 1201 336; x_wconf 88' lang='lat' dir='ltr'><strong>H.</strong></span> <span class='ocrx_word' id='word_1_17' title='bbox 1231 296 1338 347; x_wconf 69' lang='grc'><strong>401,</strong></span> <span class='ocrx_word' id='word_1_18' title='bbox 1381 309 1506 351; x_wconf 90' lang='lat' dir='ltr'><strong>quem</strong></span> <span class='ocrx_word' id='word_1_19' title='bbox 1541 295 1679 337; x_wconf 89' lang='lat' dir='ltr'><strong>locum</strong></span> 
     </span>
     <span class='ocr_line' id='line_1_5' title="bbox 157 363 1374 422; baseline 0.001 -15"><span class='ocrx_word' id='word_1_20' title='bbox 157 364 400 407; x_wconf 85' lang='lat' dir='ltr'>Macrobius</span> <span class='ocrx_word' id='word_1_21' title='bbox 432 363 612 406; x_wconf 82' lang='lat' dir='ltr'><strong>confert:</strong></span> <span class='ocrx_word' id='word_1_22' title='bbox 644 363 771 407; x_wconf 89' lang='lat' dir='ltr'><strong>foedo</strong></span> <span class='ocrx_word' id='word_1_23' title='bbox 801 370 1078 422; x_wconf 79' lang='lat' dir='ltr'><strong>pertorquent</strong></span> <span class='ocrx_word' id='word_1_24' title='bbox 1108 380 1192 413; x_wconf 62' lang='lat' dir='ltr'><strong>ora,</strong></span> <span class='ocrx_word' id='word_1_25' title='bbox 1213 379 1374 422; x_wconf 84' lang='lat' dir='ltr'><strong>sapore.</strong></span> 
     </span>
     <span class='ocr_line' id='line_1_6' title="bbox 213 434 651 491; baseline 0 -14"><span class='ocrx_word' id='word_1_26' title='bbox 213 435 322 477; x_wconf 93' lang='lat' dir='ltr'><strong>Aen.</strong></span> <span class='ocrx_word' id='word_1_27' title='bbox 353 434 437 479; x_wconf 87' lang='lat' dir='ltr'><strong>VI.</strong></span> <span class='ocrx_word' id='word_1_28' title='bbox 471 436 556 477; x_wconf 85' lang='lat'><strong>845</strong></span> <span class='ocrx_word' id='word_1_29' title='bbox 589 449 651 491; x_wconf 88' lang='lat' dir='ltr'><strong>sq.</strong></span> 
     </span>
     <span class='ocr_line' id='line_1_7' title="bbox 700 506 1226 561; baseline 0.002 -12"><span class='ocrx_word' id='word_1_30' title='bbox 700 506 796 549; x_wconf 88' lang='lat' dir='ltr'><strong>Tun</strong></span> <span class='ocrx_word' id='word_1_31' title='bbox 827 507 1034 550; x_wconf 87' lang='lat' dir='ltr'><strong>maximus</strong></span> <span class='ocrx_word' id='word_1_32' title='bbox 1065 507 1135 550; x_wconf 92' lang='lat' dir='ltr'><strong>ille</strong></span> <span class='ocrx_word' id='word_1_33' title='bbox 1168 522 1226 561; x_wconf 87' lang='lat' dir='ltr'><strong>es,</strong></span> 
     </span>
     <span class='ocr_line' id='line_1_8' title="bbox 366 577 1387 635; baseline 0 -13"><span class='ocrx_word' id='word_1_34' title='bbox 366 577 492 622; x_wconf 89' lang='lat' dir='ltr'><strong>Unus</strong></span> <span class='ocrx_word' id='word_1_35' title='bbox 524 578 597 635; x_wconf 90' lang='lat' dir='ltr'><strong>qui</strong></span> <span class='ocrx_word' id='word_1_36' title='bbox 627 578 751 622; x_wconf 91' lang='lat' dir='ltr'><strong>nobis</strong></span> <span class='ocrx_word' id='word_1_37' title='bbox 783 578 1021 622; x_wconf 88' lang='lat' dir='ltr'><strong>cunctando</strong></span> <span class='ocrx_word' id='word_1_38' title='bbox 1051 579 1239 622; x_wconf 83' lang='lat' dir='ltr'><strong>restituis</strong></span> <span class='ocrx_word' id='word_1_39' title='bbox 1271 580 1387 622; x_wconf 79' lang='lat' dir='ltr'><strong>rem?</strong></span> 
     </span>
     <span class='ocr_line' id='line_1_9' title="bbox 271 648 1677 707; baseline 0.001 -16"><span class='ocrx_word' id='word_1_40' title='bbox 271 649 461 692; x_wconf 92' lang='lat' dir='ltr'><strong>Macrob.</strong></span> <span class='ocrx_word' id='word_1_41' title='bbox 500 655 576 692; x_wconf 90' lang='lat' dir='ltr'><strong>sat.</strong></span> <span class='ocrx_word' id='word_1_42' title='bbox 613 648 699 695; x_wconf 86' lang='lat' dir='ltr'><strong>VI.</strong></span> <span class='ocrx_word' id='word_1_43' title='bbox 739 652 778 694; x_wconf 91' lang='grc'><strong>1.</strong></span> <span class='ocrx_word' id='word_1_44' title='bbox 818 652 886 693; x_wconf 86' lang='grc'><strong>23.</strong></span> <span class='ocrx_word' id='word_1_45' title='bbox 923 651 1121 692; x_wconf 74' lang='lat' dir='ltr'><strong>restituit</strong></span> <span class='ocrx_word' id='word_1_46' title='bbox 1153 655 1327 707; x_wconf 87' lang='lat' dir='ltr'><strong>propter</strong></span> <span class='ocrx_word' id='word_1_47' title='bbox 1362 650 1677 693; x_wconf 88' lang='lat' dir='ltr'><strong>celeberrimum</strong></span> 
     </span>
    </p>

    <p class='ocr_par' dir='ltr' id='par_1_4' title="bbox 150 719 1268 773">
     <span class='ocr_line' id='line_1_10' title="bbox 150 719 1268 773; baseline 0.005 -12"><span class='ocrx_word' id='word_1_48' title='bbox 150 720 267 762; x_wconf 91' lang='lat' dir='ltr'><strong>illum</strong></span> <span class='ocrx_word' id='word_1_49' title='bbox 297 719 427 762; x_wconf 89' lang='lat' dir='ltr'><strong>Ennii</strong></span> <span class='ocrx_word' id='word_1_50' title='bbox 457 734 640 773; x_wconf 88' lang='lat' dir='ltr'><strong>versum,</strong></span> <span class='ocrx_word' id='word_1_51' title='bbox 672 719 760 763; x_wconf 88' lang='lat' dir='ltr'><strong>Cic.</strong></span> <span class='ocrx_word' id='word_1_52' title='bbox 791 719 831 763; x_wconf 89' lang='lat' dir='ltr'><strong>d.</strong></span> <span class='ocrx_word' id='word_1_53' title='bbox 862 726 1019 765; x_wconf 90' lang='lat' dir='ltr'><strong>senect.</strong></span> <span class='ocrx_word' id='word_1_54' title='bbox 1050 720 1136 766; x_wconf 82' lang='lat' dir='ltr'><strong>IV.</strong></span> <span class='ocrx_word' id='word_1_55' title='bbox 1170 722 1238 763; x_wconf 90' lang='grc'><strong>10.</strong></span> <span class='ocrx_word' id='word_1_56' title='bbox 1263 756 1268 767; x_wconf 80' lang='lat'><strong>.</strong></span> 
     </span>
    </p>

    <p class='ocr_par' dir='ltr' id='par_1_5' title="bbox 365 790 1417 835">
     <span class='ocr_line' id='line_1_11' title="bbox 365 790 1417 835; baseline 0.002 -2"><span class='ocrx_word' id='word_1_57' title='bbox 365 790 489 834; x_wconf 91' lang='lat' dir='ltr'><strong>Unus</strong></span> <span class='ocrx_word' id='word_1_58' title='bbox 521 790 647 834; x_wconf 91' lang='lat' dir='ltr'><strong>homo</strong></span> <span class='ocrx_word' id='word_1_59' title='bbox 678 791 801 834; x_wconf 91' lang='lat' dir='ltr'><strong>nobis</strong></span> <span class='ocrx_word' id='word_1_60' title='bbox 833 791 1069 834; x_wconf 87' lang='lat' dir='ltr'><strong>cunctando</strong></span> <span class='ocrx_word' id='word_1_61' title='bbox 1100 792 1288 835; x_wconf 89' lang='lat' dir='ltr'><strong>restituit</strong></span> <span class='ocrx_word' id='word_1_62' title='bbox 1316 807 1417 835; x_wconf 89' lang='lat' dir='ltr'><strong>rem.</strong></span> 
     </span>
    </p>
   </div>
   <div class='ocr_carea' id='block_1_4' title="bbox 209 862 1229 976">
    <p class='ocr_par' dir='ltr' id='par_1_6' title="bbox 209 862 1229 976">
     <span class='ocr_line' id='line_1_12' title="bbox 209 862 676 919; baseline 0.002 -15"><span class='ocrx_word' id='word_1_63' title='bbox 209 862 318 904; x_wconf 89' lang='lat' dir='ltr'><strong>Aen.</strong></span> <span class='ocrx_word' id='word_1_64' title='bbox 348 862 432 904; x_wconf 90' lang='lat' dir='ltr'><strong>XI.</strong></span> <span class='ocrx_word' id='word_1_65' title='bbox 467 864 552 905; x_wconf 80' lang='lat'><strong>729</strong></span> <span class='ocrx_word' id='word_1_66' title='bbox 584 877 676 919; x_wconf 88' lang='lat' dir='ltr'><strong>sqq.</strong></span> 
     </span>
     <span class='ocr_line' id='line_1_13' title="bbox 1035 933 1229 976; baseline 0 -1"><span class='ocrx_word' id='word_1_67' title='bbox 1035 933 1229 976; x_wconf 83' lang='lat' dir='ltr'><strong>Tarchon</strong></span> 
     </span>
    </p>
   </div>
   <div class='ocr_carea' id='block_1_5' title="bbox 363 1003 1673 1134">
    <p class='ocr_par' dir='ltr' id='par_1_7' title="bbox 363 1003 1673 1134">
     <span class='ocr_line' id='line_1_14' title="bbox 363 1003 1432 1062; baseline 0 -15"><span class='ocrx_word' id='word_1_68' title='bbox 363 1003 518 1047; x_wconf 87' lang='lat' dir='ltr'><strong>Fertur</strong></span> <span class='ocrx_word' id='word_1_69' title='bbox 549 1019 659 1061; x_wconf 93' lang='lat' dir='ltr'><strong>equo</strong></span> <span class='ocrx_word' id='word_1_70' title='bbox 690 1004 903 1061; x_wconf 91' lang='lat' dir='ltr'><strong>variisque</strong></span> <span class='ocrx_word' id='word_1_71' title='bbox 933 1004 1108 1062; x_wconf 88' lang='lat' dir='ltr'><strong>instigat</strong></span> <span class='ocrx_word' id='word_1_72' title='bbox 1137 1004 1313 1047; x_wconf 86' lang='lat' dir='ltr'><strong>vocibus</strong></span> <span class='ocrx_word' id='word_1_73' title='bbox 1345 1004 1432 1047; x_wconf 86' lang='lat' dir='ltr'><strong>alas</strong></span> 
     </span>
     <span class='ocr_line' id='line_1_15' title="bbox 363 1075 1673 1134; baseline 0.001 -16"><span class='ocrx_word' id='word_1_74' title='bbox 363 1075 548 1118; x_wconf 90' lang='lat' dir='ltr'><strong>Nomine</strong></span> <span class='ocrx_word' id='word_1_75' title='bbox 580 1090 789 1133; x_wconf 89' lang='lat' dir='ltr'><strong>quemque</strong></span> <span class='ocrx_word' id='word_1_76' title='bbox 821 1091 978 1119; x_wconf 90' lang='lat' dir='ltr'><strong>vocans</strong></span> <span class='ocrx_word' id='word_1_77' title='bbox 1008 1076 1224 1133; x_wconf 90' lang='lat' dir='ltr'><strong>reficitque</strong></span> <span class='ocrx_word' id='word_1_78' title='bbox 1256 1076 1299 1118; x_wconf 89' lang='lat' dir='ltr'><strong>in</strong></span> <span class='ocrx_word' id='word_1_79' title='bbox 1330 1076 1491 1133; x_wconf 88' lang='lat' dir='ltr'><strong>proelia</strong></span> <span class='ocrx_word' id='word_1_80' title='bbox 1520 1076 1673 1134; x_wconf 87' lang='lat' dir='ltr'><strong>pulsos</strong></span> 
     </span>
    </p>
   </div>
   <div class='ocr_carea' id='block_1_6' title="bbox 145 1157 1672 1286">
    <p class='ocr_par' dir='ltr' id='par_1_8' title="bbox 145 1157 1672 1286">
     <span class='ocr_line' id='line_1_16' title="bbox 265 1157 1672 1216; baseline 0 -16"><span class='ocrx_word' id='word_1_81' title='bbox 265 1157 456 1202; x_wconf 89' lang='lat' dir='ltr'><strong>Macrob.</strong></span> <span class='ocrx_word' id='word_1_82' title='bbox 488 1163 565 1201; x_wconf 85' lang='lat' dir='ltr'><strong>sat.</strong></span> <span class='ocrx_word' id='word_1_83' title='bbox 596 1158 682 1204; x_wconf 89' lang='lat' dir='ltr'><strong>VI.</strong></span> <span class='ocrx_word' id='word_1_84' title='bbox 717 1160 753 1201; x_wconf 92' lang='lat'><strong>1.</strong></span> <span class='ocrx_word' id='word_1_85' title='bbox 787 1161 855 1202; x_wconf 88' lang='grc'><strong>34.</strong></span> <span class='ocrx_word' id='word_1_86' title='bbox 887 1160 946 1202; x_wconf 81' lang='lat' dir='ltr'><strong>ad</strong></span> <span class='ocrx_word' id='word_1_87' title='bbox 968 1159 1153 1215; x_wconf 77' lang='lat' dir='ltr'><strong>proelia,</strong></span> <span class='ocrx_word' id='word_1_88' title='bbox 1194 1157 1309 1215; x_wconf 92' lang='lat' dir='ltr'><strong>quod</strong></span> <span class='ocrx_word' id='word_1_89' title='bbox 1340 1159 1383 1200; x_wconf 91' lang='lat' dir='ltr'><strong>in</strong></span> <span class='ocrx_word' id='word_1_90' title='bbox 1414 1158 1533 1201; x_wconf 79' lang='lat' dir='ltr'><strong>Furii</strong></span> <span class='ocrx_word' id='word_1_91' title='bbox 1564 1159 1672 1216; x_wconf 85' lang='lat' dir='ltr'><strong>epici</strong></span> 
     </span>
     <span class='ocr_line' id='line_1_17' title="bbox 145 1229 1218 1286; baseline -0.002 -13"><span class='ocrx_word' id='word_1_92' title='bbox 145 1243 286 1284; x_wconf 84' lang='lat' dir='ltr'><strong>Versu,</strong></span> <span class='ocrx_word' id='word_1_93' title='bbox 319 1244 446 1286; x_wconf 90' lang='lat' dir='ltr'><strong>quem</strong></span> <span class='ocrx_word' id='word_1_94' title='bbox 477 1229 699 1286; x_wconf 86' lang='lat' dir='ltr'><strong>Vergilius</strong></span> <span class='ocrx_word' id='word_1_95' title='bbox 729 1230 799 1271; x_wconf 91' lang='lat' dir='ltr'><strong>hic</strong></span> <span class='ocrx_word' id='word_1_96' title='bbox 828 1230 1018 1283; x_wconf 90' lang='lat' dir='ltr'><strong>inseruit,</strong></span> <span class='ocrx_word' id='word_1_97' title='bbox 1047 1230 1218 1286; x_wconf 85' lang='lat' dir='ltr'><strong>legerat.</strong></span> 
     </span>
    </p>
   </div>
   <div class='ocr_carea' id='block_1_7' title="bbox 135 1310 1672 2009">
    <p class='ocr_par' dir='ltr' id='par_1_9' title="bbox 135 1310 1672 2009">
     <span class='ocr_line' id='line_1_18' title="bbox 262 1310 1672 1370; baseline 0 -16"><span class='ocrx_word' id='word_1_98' title='bbox 262 1311 332 1354; x_wconf 87' lang='lat' dir='ltr'><strong>Ex</strong></span> <span class='ocrx_word' id='word_1_99' title='bbox 376 1312 589 1366; x_wconf 90' lang='lat' dir='ltr'><strong>omnibus,</strong></span> <span class='ocrx_word' id='word_1_100' title='bbox 639 1327 746 1369; x_wconf 90' lang='lat' dir='ltr'><strong>quae</strong></span> <span class='ocrx_word' id='word_1_101' title='bbox 790 1312 930 1366; x_wconf 91' lang='lat' dir='ltr'><strong>attuli,</strong></span> <span class='ocrx_word' id='word_1_102' title='bbox 979 1326 1181 1370; x_wconf 90' lang='lat' dir='ltr'><strong>apparere</strong></span> <span class='ocrx_word' id='word_1_103' title='bbox 1226 1310 1395 1355; x_wconf 89' lang='lat' dir='ltr'><strong>videtur</strong></span> <span class='ocrx_word' id='word_1_104' title='bbox 1401 1344 1413 1365; x_wconf 90' lang='lat'><em>‚</em></span> <span class='ocrx_word' id='word_1_105' title='bbox 1463 1311 1672 1355; x_wconf 87' lang='lat' dir='ltr'><strong>Macrobii</strong></span> 
     </span>
     <span class='ocr_line' id='line_1_19' title="bbox 143 1382 1671 1441; baseline 0 -16"><span class='ocrx_word' id='word_1_106' title='bbox 143 1383 347 1426; x_wconf 92' lang='lat' dir='ltr'><strong>lectiones</strong></span> <span class='ocrx_word' id='word_1_107' title='bbox 386 1398 513 1441; x_wconf 81' lang='lat' dir='ltr'><strong>saepe</strong></span> <span class='ocrx_word' id='word_1_108' title='bbox 551 1382 606 1426; x_wconf 93' lang='lat' dir='ltr'><strong>ad</strong></span> <span class='ocrx_word' id='word_1_109' title='bbox 643 1384 912 1440; x_wconf 89' lang='lat' dir='ltr'><strong>antiquorum</strong></span> <span class='ocrx_word' id='word_1_110' title='bbox 947 1389 1185 1441; x_wconf 81' lang='lat' dir='ltr'><strong>poetarum,</strong></span> <span class='ocrx_word' id='word_1_111' title='bbox 1229 1383 1454 1440; x_wconf 87' lang='lat' dir='ltr'><strong>praecipue</strong></span> <span class='ocrx_word' id='word_1_112' title='bbox 1491 1383 1671 1426; x_wconf 90' lang='lat' dir='ltr'><strong>Homeri</strong></span> 
     </span>
     <span class='ocr_line' id='line_1_20' title="bbox 144 1453 1669 1510; baseline 0.001 -15"><span class='ocrx_word' id='word_1_113' title='bbox 144 1454 261 1497; x_wconf 90' lang='lat' dir='ltr'><strong>locos</strong></span> <span class='ocrx_word' id='word_1_114' title='bbox 292 1453 535 1497; x_wconf 84' lang='lat' dir='ltr'><strong>referendas</strong></span> <span class='ocrx_word' id='word_1_115' title='bbox 568 1469 673 1497; x_wconf 89' lang='lat' dir='ltr'><strong>esse.</strong></span> <span class='ocrx_word' id='word_1_116' title='bbox 734 1454 1001 1497; x_wconf 89' lang='lat' dir='ltr'><strong>Macrobium</strong></span> <span class='ocrx_word' id='word_1_117' title='bbox 1031 1459 1172 1496; x_wconf 89' lang='lat' dir='ltr'><strong>autem</strong></span> <span class='ocrx_word' id='word_1_118' title='bbox 1202 1454 1387 1510; x_wconf 89' lang='lat' dir='ltr'><strong>Vergilii</strong></span> <span class='ocrx_word' id='word_1_119' title='bbox 1408 1454 1554 1499; x_wconf 62' lang='lat' dir='ltr'><strong>&gt;verba</strong></span> <span class='ocrx_word' id='word_1_120' title='bbox 1584 1469 1669 1496; x_wconf 90' lang='lat' dir='ltr'><strong>non</strong></span> 
     </span>
     <span class='ocr_line' id='line_1_21' title="bbox 142 1524 1668 1583; baseline 0.001 -16"><span class='ocrx_word' id='word_1_121' title='bbox 142 1525 266 1567; x_wconf 86' lang='lat' dir='ltr'><strong>nimis</strong></span> <span class='ocrx_word' id='word_1_122' title='bbox 299 1525 422 1568; x_wconf 87' lang='lat' dir='ltr'><strong>anxie</strong></span> <span class='ocrx_word' id='word_1_123' title='bbox 454 1526 712 1579; x_wconf 84' lang='lat' dir='ltr'><strong>servavisse,</strong></span> <span class='ocrx_word' id='word_1_124' title='bbox 749 1525 843 1582; x_wconf 90' lang='lat' dir='ltr'><strong>quis</strong></span> <span class='ocrx_word' id='word_1_125' title='bbox 875 1541 961 1568; x_wconf 92' lang='lat' dir='ltr'><strong>non</strong></span> <span class='ocrx_word' id='word_1_126' title='bbox 992 1524 1154 1579; x_wconf 89' lang='lat' dir='ltr'><strong>credat,</strong></span> <span class='ocrx_word' id='word_1_127' title='bbox 1191 1539 1287 1568; x_wconf 91' lang='lat' dir='ltr'><strong>cum</strong></span> <span class='ocrx_word' id='word_1_128' title='bbox 1323 1540 1377 1567; x_wconf 86' lang='lat' dir='ltr'><strong>ex</strong></span> <span class='ocrx_word' id='word_1_129' title='bbox 1414 1525 1504 1568; x_wconf 85' lang='lat' dir='ltr'><strong>eius</strong></span> <span class='ocrx_word' id='word_1_130' title='bbox 1541 1540 1668 1583; x_wconf 92' lang='lat' dir='ltr'><strong>opere</strong></span> 
     </span>
     <span class='ocr_line' id='line_1_22' title="bbox 140 1596 1670 1653; baseline 0.001 -15"><span class='ocrx_word' id='word_1_131' title='bbox 140 1596 427 1652; x_wconf 78' lang='lat' dir='ltr'><strong>intellegatur,</strong></span> <span class='ocrx_word' id='word_1_132' title='bbox 464 1597 691 1653; x_wconf 89' lang='lat' dir='ltr'><strong>plurimum</strong></span> <span class='ocrx_word' id='word_1_133' title='bbox 722 1597 812 1639; x_wconf 91' lang='lat' dir='ltr'><strong>eius</strong></span> <span class='ocrx_word' id='word_1_134' title='bbox 844 1596 1103 1649; x_wconf 88' lang='lat' dir='ltr'><strong>interfuisse,</strong></span> <span class='ocrx_word' id='word_1_135' title='bbox 1139 1601 1188 1638; x_wconf 88' lang='lat' dir='ltr'><strong>ut</strong></span> <span class='ocrx_word' id='word_1_136' title='bbox 1216 1596 1405 1638; x_wconf 87' lang='lat' dir='ltr'><strong>locorum</strong></span> <span class='ocrx_word' id='word_1_137' title='bbox 1434 1596 1614 1639; x_wconf 89' lang='lat' dir='ltr'><strong>Homeri</strong></span> <span class='ocrx_word' id='word_1_138' title='bbox 1644 1612 1670 1639; x_wconf 90' lang='lat' dir='ltr'><strong>a</strong></span> 
     </span>
     <span class='ocr_line' id='line_1_23' title="bbox 140 1666 1668 1724; baseline -0.001 -14"><span class='ocrx_word' id='word_1_139' title='bbox 140 1667 337 1723; x_wconf 90' lang='lat' dir='ltr'><strong>Vergilio</strong></span> <span class='ocrx_word' id='word_1_140' title='bbox 368 1667 627 1709; x_wconf 89' lang='lat' dir='ltr'><strong>imitatorum</strong></span> <span class='ocrx_word' id='word_1_141' title='bbox 658 1683 783 1724; x_wconf 91' lang='lat' dir='ltr'><strong>quam</strong></span> <span class='ocrx_word' id='word_1_142' title='bbox 813 1667 1041 1709; x_wconf 82' lang='lat' dir='ltr'><strong>maximum</strong></span> <span class='ocrx_word' id='word_1_143' title='bbox 1073 1681 1292 1709; x_wconf 89' lang='lat' dir='ltr'><strong>numerum</strong></span> <span class='ocrx_word' id='word_1_144' title='bbox 1323 1667 1543 1710; x_wconf 85' lang='lat' dir='ltr'><strong>inveniret.</strong></span> <span class='ocrx_word' id='word_1_145' title='bbox 1602 1666 1668 1710; x_wconf 86' lang='lat' dir='ltr'><strong>Cf.</strong></span> 
     </span>
     <span class='ocr_line' id='line_1_24' title="bbox 138 1737 1668 1795; baseline -0.001 -15"><span class='ocrx_word' id='word_1_146' title='bbox 138 1743 215 1780; x_wconf 90' lang='lat' dir='ltr'><strong>sat.</strong></span> <span class='ocrx_word' id='word_1_147' title='bbox 246 1738 307 1784; x_wconf 86' lang='lat' dir='ltr'><strong>V.</strong></span> <span class='ocrx_word' id='word_1_148' title='bbox 340 1741 377 1781; x_wconf 91' lang='lat'><strong>3.</strong></span> <span class='ocrx_word' id='word_1_149' title='bbox 412 1739 481 1792; x_wconf 88' lang='lat'><strong>16,</strong></span> <span class='ocrx_word' id='word_1_150' title='bbox 517 1753 602 1795; x_wconf 92' lang='lat' dir='ltr'><strong>quo</strong></span> <span class='ocrx_word' id='word_1_151' title='bbox 640 1739 733 1781; x_wconf 93' lang='lat' dir='ltr'><strong>loco</strong></span> <span class='ocrx_word' id='word_1_152' title='bbox 765 1738 959 1781; x_wconf 90' lang='lat' dir='ltr'><strong>Avienus</strong></span> <span class='ocrx_word' id='word_1_153' title='bbox 989 1737 1262 1780; x_wconf 88' lang='lat' dir='ltr'><strong>Eustathium</strong></span> <span class='ocrx_word' id='word_1_154' title='bbox 1297 1743 1578 1791; x_wconf 88' lang='lat' dir='ltr'><strong>recusantem,</strong></span> <span class='ocrx_word' id='word_1_155' title='bbox 1614 1753 1668 1780; x_wconf 92' lang='lat' dir='ltr'><strong>ne</strong></span> 
     </span>
     <span class='ocr_line' id='line_1_25' title="bbox 135 1808 1668 1867; baseline 0 -15"><span class='ocrx_word' id='word_1_156' title='bbox 135 1815 286 1867; x_wconf 89' lang='lat' dir='ltr'><strong>pergat</strong></span> <span class='ocrx_word' id='word_1_157' title='bbox 315 1810 432 1853; x_wconf 91' lang='lat' dir='ltr'><strong>locos</strong></span> <span class='ocrx_word' id='word_1_158' title='bbox 464 1825 518 1853; x_wconf 87' lang='lat' dir='ltr'><strong>ex</strong></span> <span class='ocrx_word' id='word_1_159' title='bbox 537 1810 729 1852; x_wconf 90' lang='lat' dir='ltr'><strong>Homero</strong></span> <span class='ocrx_word' id='word_1_160' title='bbox 758 1810 984 1858; x_wconf 86' lang='lat' dir='ltr'><strong>translatos</strong></span> <span class='ocrx_word' id='word_1_161' title='bbox 1006 1823 1262 1863; x_wconf 89' lang='lat' dir='ltr'><strong>enumerare,</strong></span> <span class='ocrx_word' id='word_1_162' title='bbox 1292 1808 1408 1858; x_wconf 85' lang='lat' dir='ltr'><strong>hisce</strong></span> <span class='ocrx_word' id='word_1_163' title='bbox 1439 1808 1581 1853; x_wconf 88' lang='lat' dir='ltr'><strong>verbis</strong></span> <span class='ocrx_word' id='word_1_164' title='bbox 1612 1808 1668 1852; x_wconf 88' lang='lat' dir='ltr'><strong>ad</strong></span> 
     </span>
     <span class='ocr_line' id='line_1_26' title="bbox 138 1879 1668 1933; baseline -0.001 -10"><span class='ocrx_word' id='word_1_165' title='bbox 138 1896 232 1923; x_wconf 89' lang='lat' dir='ltr'><strong>eam</strong></span> <span class='ocrx_word' id='word_1_166' title='bbox 262 1881 622 1923; x_wconf 91' lang='lat' dir='ltr'><strong>enumerationem</strong></span> <span class='ocrx_word' id='word_1_167' title='bbox 652 1880 954 1923; x_wconf 91' lang='lat' dir='ltr'><strong>conficiendam</strong></span> <span class='ocrx_word' id='word_1_168' title='bbox 983 1880 1247 1922; x_wconf 87' lang='lat' dir='ltr'><strong>adhortatur:</strong></span> <span class='ocrx_word' id='word_1_169' title='bbox 1278 1879 1424 1933; x_wconf 79' lang='lat' dir='ltr'><strong>„Quid</strong></span> <span class='ocrx_word' id='word_1_170' title='bbox 1455 1880 1567 1922; x_wconf 91' lang='lat' dir='ltr'><strong>enim</strong></span> <span class='ocrx_word' id='word_1_171' title='bbox 1597 1895 1668 1922; x_wconf 89' lang='lat' dir='ltr'><strong>su-</strong></span> 
     </span>
     <span class='ocr_line' id='line_1_27' title="bbox 136 1950 1667 2009; baseline -0.001 -15"><span class='ocrx_word' id='word_1_172' title='bbox 136 1952 277 2005; x_wconf 87' lang='lat' dir='ltr'><strong>avius,</strong></span> <span class='ocrx_word' id='word_1_173' title='bbox 321 1966 447 2009; x_wconf 87' lang='lat' dir='ltr'><strong>quam</strong></span> <span class='ocrx_word' id='word_1_174' title='bbox 491 1950 600 1994; x_wconf 92' lang='lat' dir='ltr'><strong>duos</strong></span> <span class='ocrx_word' id='word_1_175' title='bbox 642 1952 891 2009; x_wconf 90' lang='lat' dir='ltr'><strong>praecipuos</strong></span> <span class='ocrx_word' id='word_1_176' title='bbox 936 1956 1056 1994; x_wconf 87' lang='lat' dir='ltr'><strong>vates</strong></span> <span class='ocrx_word' id='word_1_177' title='bbox 1094 1950 1238 1994; x_wconf 87' lang='lat' dir='ltr'><strong>audire</strong></span> <span class='ocrx_word' id='word_1_178' title='bbox 1276 1950 1390 1994; x_wconf 91' lang='lat' dir='ltr'><strong>idem</strong></span> <span class='ocrx_word' id='word_1_179' title='bbox 1424 1950 1667 2007; x_wconf 81' lang='lat' dir='ltr'><strong>loquentis?</strong></span> 
     </span>
    </p>
   </div>
   <div class='ocr_carea' id='block_1_8' title="bbox 137 2022 1747 2080">
    <p class='ocr_par' dir='ltr' id='par_1_10' title="bbox 137 2022 1747 2080">
     <span class='ocr_line' id='line_1_28' title="bbox 137 2022 1747 2080; baseline -0.001 -15"><span class='ocrx_word' id='word_1_180' title='bbox 137 2023 263 2076; x_wconf 77' lang='lat' dir='ltr'><strong>Quia,</strong></span> <span class='ocrx_word' id='word_1_181' title='bbox 295 2038 392 2065; x_wconf 91' lang='lat' dir='ltr'><strong>cum</strong></span> <span class='ocrx_word' id='word_1_182' title='bbox 422 2022 504 2064; x_wconf 85' lang='lat' dir='ltr'><strong>tria</strong></span> <span class='ocrx_word' id='word_1_183' title='bbox 533 2022 637 2065; x_wconf 91' lang='lat' dir='ltr'><strong>haec</strong></span> <span class='ocrx_word' id='word_1_184' title='bbox 669 2037 722 2064; x_wconf 89' lang='lat' dir='ltr'><strong>ex</strong></span> <span class='ocrx_word' id='word_1_185' title='bbox 753 2037 888 2079; x_wconf 89' lang='lat' dir='ltr'><strong>aequo</strong></span> <span class='ocrx_word' id='word_1_186' title='bbox 919 2022 1197 2079; x_wconf 86' lang='lat' dir='ltr'><strong>impossibilia</strong></span> <span class='ocrx_word' id='word_1_187' title='bbox 1226 2028 1440 2080; x_wconf 84' lang='lat' dir='ltr'><strong>putentur,</strong></span> <span class='ocrx_word' id='word_1_188' title='bbox 1470 2022 1541 2066; x_wconf 86' lang='lat' dir='ltr'><strong>vel</strong></span> <span class='ocrx_word' id='word_1_189' title='bbox 1561 2022 1666 2066; x_wconf 87' lang='lat' dir='ltr'><strong>Jovi</strong></span> <span class='ocrx_word' id='word_1_190' title='bbox 1746 2070 1747 2073; x_wconf 11' lang='grc' dir='ltr'><strong>Ἴ</strong></span> 
     </span>
    </p>
   </div>
   <div class='ocr_carea' id='block_1_9' title="bbox 80 2093 1665 2650">
    <p class='ocr_par' dir='ltr' id='par_1_11' title="bbox 80 2093 1665 2579">
     <span class='ocr_line' id='line_1_29' title="bbox 134 2093 1665 2148; baseline -0.001 -11"><span class='ocrx_word' id='word_1_191' title='bbox 134 2094 311 2148; x_wconf 86' lang='lat' dir='ltr'><strong>fulmen,</strong></span> <span class='ocrx_word' id='word_1_192' title='bbox 348 2094 419 2138; x_wconf 90' lang='lat' dir='ltr'><strong>vel</strong></span> <span class='ocrx_word' id='word_1_193' title='bbox 449 2093 628 2137; x_wconf 89' lang='lat' dir='ltr'><strong>Herculi</strong></span> <span class='ocrx_word' id='word_1_194' title='bbox 659 2093 844 2147; x_wconf 89' lang='lat' dir='ltr'><strong>clavum,</strong></span> <span class='ocrx_word' id='word_1_195' title='bbox 881 2093 951 2137; x_wconf 88' lang='lat' dir='ltr'><strong>vel</strong></span> <span class='ocrx_word' id='word_1_196' title='bbox 981 2108 1154 2136; x_wconf 90' lang='lat' dir='ltr'><strong>versum</strong></span> <span class='ocrx_word' id='word_1_197' title='bbox 1182 2093 1374 2137; x_wconf 91' lang='lat' dir='ltr'><strong>Homero</strong></span> <span class='ocrx_word' id='word_1_198' title='bbox 1406 2093 1665 2147; x_wconf 86' lang='lat' dir='ltr'><strong>subtrahere,</strong></span> 
     </span>
     <span class='ocr_line' id='line_1_30' title="bbox 135 2164 1664 2222; baseline 0 -15"><span class='ocrx_word' id='word_1_199' title='bbox 135 2164 251 2222; x_wconf 92' lang='lat' dir='ltr'><strong>quod</strong></span> <span class='ocrx_word' id='word_1_200' title='bbox 283 2165 364 2208; x_wconf 88' lang='lat' dir='ltr'><strong>etsi</strong></span> <span class='ocrx_word' id='word_1_201' title='bbox 394 2165 484 2207; x_wconf 90' lang='lat' dir='ltr'><strong>fieri</strong></span> <span class='ocrx_word' id='word_1_202' title='bbox 514 2170 674 2222; x_wconf 89' lang='lat' dir='ltr'><strong>posset,</strong></span> <span class='ocrx_word' id='word_1_203' title='bbox 705 2164 833 2206; x_wconf 85' lang='lat' dir='ltr'><strong>alium</strong></span> <span class='ocrx_word' id='word_1_204' title='bbox 860 2170 1002 2207; x_wconf 86' lang='lat' dir='ltr'><strong>tamen</strong></span> <span class='ocrx_word' id='word_1_205' title='bbox 1022 2165 1182 2207; x_wconf 91' lang='lat' dir='ltr'><strong>nullum</strong></span> <span class='ocrx_word' id='word_1_206' title='bbox 1204 2164 1385 2218; x_wconf 90' lang='lat' dir='ltr'><strong>deceret,</strong></span> <span class='ocrx_word' id='word_1_207' title='bbox 1416 2165 1486 2208; x_wconf 89' lang='lat' dir='ltr'><strong>vel</strong></span> <span class='ocrx_word' id='word_1_208' title='bbox 1505 2164 1664 2207; x_wconf 88' lang='lat' dir='ltr'><strong>fulmen</strong></span> 
     </span>
     <span class='ocr_line' id='line_1_31' title="bbox 133 2228 1663 2294; baseline -0.001 -14"><span class='ocrx_word' id='word_1_209' title='bbox 133 2243 302 2294; x_wconf 85' lang='lat' dir='ltr'><strong>praeter</strong></span> <span class='ocrx_word' id='word_1_210' title='bbox 331 2236 482 2279; x_wconf 89' lang='lat' dir='ltr'><strong>Iovem</strong></span> <span class='ocrx_word' id='word_1_211' title='bbox 512 2236 651 2279; x_wconf 88' lang='lat' dir='ltr'><strong>iacere</strong></span> <span class='ocrx_word' id='word_1_212' title='bbox 681 2236 752 2280; x_wconf 89' lang='lat' dir='ltr'><strong>vel</strong></span> <span class='ocrx_word' id='word_1_213' title='bbox 783 2241 942 2279; x_wconf 86' lang='lat' dir='ltr'><strong>certare</strong></span> <span class='ocrx_word' id='word_1_214' title='bbox 971 2241 1140 2294; x_wconf 87' lang='lat' dir='ltr'><strong>praeter</strong></span> <span class='ocrx_word' id='word_1_215' title='bbox 1158 2235 1390 2279; x_wconf 89' lang='lat' dir='ltr'><strong>Herculem</strong></span> <span class='ocrx_word' id='word_1_216' title='bbox 1410 2228 1561 2279; x_wconf 89' lang='lat' dir='ltr'><strong>robore</strong></span> <span class='ocrx_word' id='word_1_217' title='bbox 1592 2236 1663 2280; x_wconf 89' lang='lat' dir='ltr'><strong>vel</strong></span> 
     </span>
     <span class='ocr_line' id='line_1_32' title="bbox 132 2306 1662 2365; baseline 0.001 -16"><span class='ocrx_word' id='word_1_218' title='bbox 132 2322 299 2361; x_wconf 88' lang='lat' dir='ltr'><strong>canere,</strong></span> <span class='ocrx_word' id='word_1_219' title='bbox 336 2306 453 2364; x_wconf 93' lang='lat' dir='ltr'><strong>quod</strong></span> <span class='ocrx_word' id='word_1_220' title='bbox 484 2308 637 2349; x_wconf 90' lang='lat' dir='ltr'><strong>cecinit</strong></span> <span class='ocrx_word' id='word_1_221' title='bbox 666 2308 901 2350; x_wconf 87' lang='lat' dir='ltr'><strong>Homerus:</strong></span> <span class='ocrx_word' id='word_1_222' title='bbox 940 2307 1009 2349; x_wconf 89' lang='lat' dir='ltr'><strong>hic</strong></span> <span class='ocrx_word' id='word_1_223' title='bbox 1039 2313 1277 2364; x_wconf 89' lang='lat' dir='ltr'><strong>opportune</strong></span> <span class='ocrx_word' id='word_1_224' title='bbox 1313 2308 1357 2349; x_wconf 90' lang='lat' dir='ltr'><strong>in</strong></span> <span class='ocrx_word' id='word_1_225' title='bbox 1389 2321 1496 2365; x_wconf 89' lang='lat' dir='ltr'><strong>opus</strong></span> <span class='ocrx_word' id='word_1_226' title='bbox 1528 2322 1662 2361; x_wconf 87' lang='lat' dir='ltr'><strong>suum,</strong></span> 
     </span>
     <span class='ocr_line' id='line_1_33' title="bbox 80 2377 1663 2436; baseline 0 -16"><span class='ocrx_word' id='word_1_227' title='bbox 80 2417 83 2420; x_wconf 89' lang='lat'><strong>.</strong></span> <span class='ocrx_word' id='word_1_228' title='bbox 133 2394 240 2436; x_wconf 91' lang='lat' dir='ltr'><strong>quae</strong></span> <span class='ocrx_word' id='word_1_229' title='bbox 270 2379 388 2436; x_wconf 89' lang='lat' dir='ltr'><strong>prior</strong></span> <span class='ocrx_word' id='word_1_230' title='bbox 418 2383 539 2422; x_wconf 89' lang='lat' dir='ltr'><strong>vates</strong></span> <span class='ocrx_word' id='word_1_231' title='bbox 571 2377 754 2432; x_wconf 88' lang='lat' dir='ltr'><strong>dixerat,</strong></span> <span class='ocrx_word' id='word_1_232' title='bbox 784 2377 1076 2421; x_wconf 89' lang='lat' dir='ltr'><strong>transferendo</strong></span> <span class='ocrx_word' id='word_1_233' title='bbox 1106 2378 1226 2432; x_wconf 83' lang='lat' dir='ltr'><strong>fecit,</strong></span> <span class='ocrx_word' id='word_1_234' title='bbox 1263 2383 1311 2420; x_wconf 92' lang='lat' dir='ltr'><strong>ut</strong></span> <span class='ocrx_word' id='word_1_235' title='bbox 1341 2392 1418 2421; x_wconf 90' lang='lat' dir='ltr'><strong>sua</strong></span> <span class='ocrx_word' id='word_1_236' title='bbox 1448 2392 1542 2420; x_wconf 88' lang='lat' dir='ltr'><strong>esse</strong></span> <span class='ocrx_word' id='word_1_237' title='bbox 1573 2392 1663 2421; x_wconf 90' lang='lat' dir='ltr'><strong>cre-</strong></span> 
     </span>
     <span class='ocr_line' id='line_1_34' title="bbox 131 2448 1662 2507; baseline 0 -15"><span class='ocrx_word' id='word_1_238' title='bbox 131 2450 295 2493; x_wconf 90' lang='lat' dir='ltr'><strong>dantur.</strong></span> <span class='ocrx_word' id='word_1_239' title='bbox 346 2449 463 2507; x_wconf 87' lang='lat' dir='ltr'><strong>Ergo</strong></span> <span class='ocrx_word' id='word_1_240' title='bbox 484 2464 563 2507; x_wconf 89' lang='lat' dir='ltr'><strong>pro</strong></span> <span class='ocrx_word' id='word_1_241' title='bbox 585 2455 687 2493; x_wconf 92' lang='lat' dir='ltr'><strong>voto</strong></span> <span class='ocrx_word' id='word_1_242' title='bbox 709 2449 895 2492; x_wconf 87' lang='lat' dir='ltr'><strong>omnium</strong></span> <span class='ocrx_word' id='word_1_243' title='bbox 914 2449 1078 2502; x_wconf 86' lang='lat' dir='ltr'><strong>feceris,</strong></span> <span class='ocrx_word' id='word_1_244' title='bbox 1109 2449 1146 2492; x_wconf 88' lang='lat' dir='ltr'><strong>si</strong></span> <span class='ocrx_word' id='word_1_245' title='bbox 1177 2465 1272 2492; x_wconf 90' lang='lat' dir='ltr'><strong>cum</strong></span> <span class='ocrx_word' id='word_1_246' title='bbox 1301 2448 1383 2492; x_wconf 91' lang='lat' dir='ltr'><strong>hoc</strong></span> <span class='ocrx_word' id='word_1_247' title='bbox 1402 2454 1528 2492; x_wconf 88' lang='lat' dir='ltr'><strong>coetu</strong></span> <span class='ocrx_word' id='word_1_248' title='bbox 1547 2463 1662 2492; x_wconf 87' lang='lat' dir='ltr'><strong>com-</strong></span> 
     </span>
     <span class='ocr_line' id='line_1_35' title="bbox 129 2522 1662 2579; baseline 0 -14"><span class='ocrx_word' id='word_1_249' title='bbox 129 2522 341 2565; x_wconf 87' lang='lat' dir='ltr'><strong>municata</strong></span> <span class='ocrx_word' id='word_1_250' title='bbox 370 2522 492 2576; x_wconf 90' lang='lat' dir='ltr'><strong>velis,</strong></span> <span class='ocrx_word' id='word_1_251' title='bbox 522 2535 810 2579; x_wconf 86' lang='lat' dir='ltr'><strong>quaecumque</strong></span> <span class='ocrx_word' id='word_1_252' title='bbox 831 2526 976 2564; x_wconf 84' lang='lat' dir='ltr'><strong>noster</strong></span> <span class='ocrx_word' id='word_1_253' title='bbox 996 2526 1124 2579; x_wconf 87' lang='lat' dir='ltr'><strong>poeta</strong></span> <span class='ocrx_word' id='word_1_254' title='bbox 1148 2526 1294 2566; x_wconf 90' lang='lat' dir='ltr'><strong>vestro</strong></span> <span class='ocrx_word' id='word_1_255' title='bbox 1320 2525 1537 2564; x_wconf 80' lang='lat' dir='ltr'><strong>mutuatus</strong></span> <span class='ocrx_word' id='word_1_256' title='bbox 1558 2524 1662 2565; x_wconf 88' lang='lat' dir='ltr'><strong>est.“</strong></span> 
     </span>
    </p>

    <p class='ocr_par' dir='ltr' id='par_1_12' title="bbox 250 2592 1660 2650">
     <span class='ocr_line' id='line_1_36' title="bbox 250 2592 1660 2650; baseline 0 -14"><span class='ocrx_word' id='word_1_257' title='bbox 250 2594 395 2645; x_wconf 79' lang='lat' dir='ltr'><strong>Quare</strong></span> <span class='ocrx_word' id='word_1_258' title='bbox 425 2594 516 2636; x_wconf 88' lang='lat' dir='ltr'><strong>iure</strong></span> <span class='ocrx_word' id='word_1_259' title='bbox 538 2593 743 2650; x_wconf 87' lang='lat' dir='ltr'><strong>suspicari</strong></span> <span class='ocrx_word' id='word_1_260' title='bbox 763 2592 866 2634; x_wconf 87' lang='lat' dir='ltr'><strong>mihi</strong></span> <span class='ocrx_word' id='word_1_261' title='bbox 886 2592 1048 2646; x_wconf 88' lang='lat' dir='ltr'><strong>videor,</strong></span> <span class='ocrx_word' id='word_1_262' title='bbox 1078 2593 1159 2636; x_wconf 91' lang='lat' dir='ltr'><strong>hoc</strong></span> <span class='ocrx_word' id='word_1_263' title='bbox 1178 2593 1285 2647; x_wconf 91' lang='lat' dir='ltr'><strong>loco,</strong></span> <span class='ocrx_word' id='word_1_264' title='bbox 1315 2592 1515 2650; x_wconf 87' lang='lat' dir='ltr'><strong>quoniam</strong></span> <span class='ocrx_word' id='word_1_265' title='bbox 1533 2592 1660 2650; x_wconf 84' lang='lat' dir='ltr'><strong>pleri-</strong></span> 
     </span>
    </p>
   </div>
   <div class='ocr_carea' id='block_1_10' title="bbox 132 2663 1731 2731">
    <p class='ocr_par' dir='ltr' id='par_1_13' title="bbox 132 2652 1822 2731">
     <span class='ocr_line' id='line_1_37' title="bbox 132 2663 1731 2731; baseline 0.001 -22"><span class='ocrx_word' id='word_1_266' title='bbox 132 2679 213 2731; x_wconf 88' lang='lat' dir='ltr'><strong>que</strong></span> <span class='ocrx_word' id='word_1_267' title='bbox 245 2664 412 2710; x_wconf 88' lang='lat' dir='ltr'><strong>codices</strong></span> <span class='ocrx_word' id='word_1_268' title='bbox 444 2680 541 2709; x_wconf 92' lang='lat' dir='ltr'><strong>cum</strong></span> <span class='ocrx_word' id='word_1_269' title='bbox 570 2664 791 2709; x_wconf 77' lang='lat' dir='ltr'><strong>Macrobio</strong></span> <span class='ocrx_word' id='word_1_270' title='bbox 821 2679 908 2708; x_wconf 88' lang='lat' dir='ltr'><strong>non</strong></span> <span class='ocrx_word' id='word_1_271' title='bbox 939 2664 1220 2722; x_wconf 87' lang='lat' dir='ltr'><strong>consentiunt,</strong></span> <span class='ocrx_word' id='word_1_272' title='bbox 1248 2663 1474 2710; x_wconf 85' lang='lat' dir='ltr'><strong>lectionem</strong></span> <span class='ocrx_word' id='word_1_273' title='bbox 1504 2665 1669 2724; x_wconf 65' lang='lat' dir='ltr'><strong>&amp;mque</strong></span> <span class='ocrx_word' id='word_1_274' title='bbox 1728 2726 1731 2728; x_wconf 19' lang='grc' dir='ltr'><strong><em>Ι</em></strong></span> 
     </span>
    </p>
   </div>
   <div class='ocr_carea' id='block_1_11' title="bbox 0 2972 1826 3152">
    <p class='ocr_par' dir='ltr' id='par_1_14' title="bbox 0 2972 1826 3152">
     <span class='ocr_line' id='line_1_38' title="bbox 0 2972 1826 3152; baseline 0 0"><span class='ocrx_word' id='word_1_275' title='bbox 0 2972 1826 3152; x_wconf 95' lang='lat' dir='ltr'><strong> </strong></span> 
     </span>
    </p>
   </div>
  </div>
 </body>
</html>
