1826 3152
891 177 945 220 37

219 302 328 348 Aen.
357 305 465 350 ΧΠ.
497 308 595 350 282.

373 377 444 420 Sic
474 379 608 422 omnis
639 394 755 422 amor
784 393 891 421 unus
921 378 1060 432 habet,
1090 377 1313 421 decernere
1343 377 1466 421 ferro.

370 449 596 508 Diripuere
626 465 730 493 aras.
761 450 809 506 (it
837 454 929 493 toto
959 447 1128 493 turbida
1156 449 1271 492 caelo

371 520 645 579 Tempestas.)

159 590 220 634 P:
251 591 341 634 ET.
370 582 544 649 propter
571 592 745 637 habET.
791 591 1013 635 Gudianus
1044 607 1210 649 quoque
1242 596 1283 634 et
1310 591 1450 644 habet,
1481 596 1529 633 ut
1559 589 1673 633 idem

159 661 310 708 vitium
338 663 383 705 in
413 662 640 721 archetypo
660 662 841 708 Palatini
871 668 914 705 et
935 662 1122 706 Gudiani
1150 662 1281 705 fuisse
1309 661 1539 706 videamus.

277 733 347 775 Ex
389 734 456 776 his
502 734 704 791 exemplis
736 733 789 776 de
819 749 992 776 numero
1023 734 1226 777 immenso
1257 734 1454 776 similium
1482 733 1672 775 locorum

160 803 326 846 selectis
345 803 467 846 facile
487 803 753 861 intellegitur,
783 804 828 845 in
858 803 1013 846 nostris
1043 803 1257 847 codicibus
1283 803 1439 846 multas
1469 802 1672 845 lectiones

159 873 213 917 ad
244 889 370 918 voces
400 875 552 933 prioris
584 889 732 919 versus
762 873 1002 918 referendas
1033 889 1151 928 esse;
1181 875 1404 932 praecipue
1425 879 1566 917 autem
1585 875 1673 916 tres

158 945 258 999 loci,
301 960 408 1003 quos
447 946 569 988 attuli
612 946 736 1001 (Aen.
771 946 856 991 IV.
890 948 987 989 232.
1031 945 1114 988 XI.
1148 949 1245 989 541.
1290 946 1399 988 XII.
1431 948 1551 1001 282),
1593 961 1671 988 nos

159 1016 324 1070 docent,
355 1032 408 1060 ne
439 1017 557 1059 illum
586 1017 757 1075 quidem
784 1018 949 1070 librum,
980 1017 1091 1060 unde
1121 1018 1254 1061 nostri
1284 1016 1450 1060 codices
1471 1016 1673 1074 descripti

160 1092 271 1140 sunt,
312 1086 393 1129 hoc
422 1087 528 1130 vitio
560 1087 753 1130 caruisse.
814 1088 958 1139 Quare
987 1102 1071 1130 non
1104 1088 1250 1131 dubito
1280 1088 1497 1140 affirmare,
1525 1088 1673 1129 lectio-

159 1172 257 1200 nem
299 1161 449 1214 sperat
476 1157 626 1201 eodem
655 1157 782 1201 modo
814 1163 947 1201 ortam
978 1173 1088 1212 esse,
1130 1159 1377 1216 praesertim
1418 1173 1514 1200 cum
1542 1173 1671 1201 voces

158 1229 337 1285 spirant
379 1234 423 1271 et
463 1231 711 1285 speculatus
752 1229 904 1272 iisdem
947 1230 1079 1272 literis
1124 1230 1337 1287 incipiant.
1396 1229 1596 1273 Fortasse
1627 1230 1671 1271 in

685 1300 946 1344 SPIRANT

159 1369 386 1428 archetypo
416 1370 497 1413 hoc
527 1377 639 1414 erat:
691 1371 941 1425 SPERAT,
983 1373 1160 1428 spirant
1201 1388 1227 1415 a
1262 1377 1494 1414 correctore
1525 1386 1671 1428 supra-

160 1442 371 1500 scriptum.
432 1442 502 1486 Sic
533 1442 642 1486 enim
673 1442 870 1501 explicari
898 1448 1057 1501 potest,
1100 1442 1310 1501 quomodo
1339 1442 1497 1486 factum
1527 1442 1594 1497 sit,
1624 1447 1672 1484 ut

160 1513 265 1557 alter
294 1513 429 1561 codex
458 1518 614 1571 sperat,
646 1514 751 1557 alter
779 1515 957 1571 spirant
983 1514 1146 1558 habeat.
