1826 3152
280 824 328 866 P.
349 823 534 880 Vergilii
554 823 744 866 Maronis
766 823 949 865 carmina
969 822 1152 879 antiquis
1180 826 1224 864 et
1243 821 1546 863 recentioribus
1573 826 1680 863 tem-

160 895 332 951 poribus
348 909 433 937 non
446 894 578 950 magis
592 894 752 937 animos
764 894 994 950 legentium
1006 893 1334 946 delectaverunt,
1349 907 1475 949 quam
1488 892 1676 935 virorum

161 964 379 1009 doctorum
416 964 567 1009 studiis
603 965 820 1008 materiam
850 963 1155 1023 praebuerunt,
1192 979 1288 1006 cum
1323 978 1409 1006 non
1444 962 1572 1006 modo
1609 963 1680 1006 vel

161 1037 343 1093 antiquis
359 1037 618 1093 temporibus
631 1051 716 1078 non
730 1036 940 1078 defuerint
953 1036 1047 1088 loci,
1062 1036 1215 1092 quibus
1229 1035 1464 1092 complures
1476 1035 1678 1077 lectiones

162 1106 432 1163 pervulgatae
464 1112 594 1160 erant,
624 1112 672 1148 ut
693 1121 993 1164 saepenumero
1014 1106 1256 1163 ambiguum
1275 1110 1400 1159 esset,
1431 1120 1538 1162 quae
1559 1120 1681 1162 prae-

160 1176 349 1225 ferenda,
376 1177 504 1230 foret,
547 1192 672 1233 quam
714 1192 803 1219 rem
840 1176 970 1220 Gellii
1012 1177 1270 1233 aliorumque
1314 1177 1681 1232 grammaticorum

159 1246 274 1301 libri,
310 1247 535 1305 praecipue
572 1253 713 1290 autem
743 1247 881 1291 Servii
918 1247 1240 1291 commentarius
1278 1262 1356 1290 nos
1394 1246 1566 1301 docent,
1604 1246 1682 1290 sed

163 1319 301 1371 etiam,
333 1319 423 1362 sive
456 1318 630 1362 dubium
661 1324 750 1361 erat
780 1320 871 1362 sive
893 1318 1069 1362 dubium
1099 1334 1185 1361 non
1206 1324 1307 1372 erat,
1338 1318 1441 1375 quid
1460 1318 1681 1375 Vergilius

161 1390 418 1447 scripsisset,
457 1389 511 1432 ad
541 1395 692 1447 poetae
723 1390 854 1434 verba
882 1396 995 1433 recte
1026 1389 1309 1447 intellegenda
1337 1404 1541 1447 persaepe
1574 1405 1681 1447 opus

160 1461 288 1504 fuerit
307 1461 535 1519 interprete
557 1461 759 1516 doctrina,
779 1462 937 1521 ingenii
957 1462 1159 1516 acumine,
1180 1461 1489 1518 antiquitatum,
1515 1461 1682 1518 mytho-

159 1533 314 1590 logiae,
350 1533 549 1576 historiae
587 1534 762 1576 scientia
798 1534 1015 1577 instructo.
1077 1533 1209 1585 Quod
1244 1538 1385 1576 autem
1422 1533 1682 1590 grammatici

160 1619 238 1662 per
272 1609 411 1647 totum
446 1604 611 1662 imperii
640 1605 823 1647 Romani
853 1620 879 1648 a
909 1604 1161 1648 Caesaribus
1198 1596 1477 1647 administrati
1514 1610 1682 1662 tempus

160 1676 362 1730 fecerunt,
392 1675 438 1719 id
457 1677 760 1720 recentioribus
787 1676 1047 1735 temporibus
1079 1676 1160 1720 viri
1181 1675 1296 1719 docti
1325 1691 1411 1719 non
1439 1675 1681 1731 omiserunt,

161 1747 303 1804 itaque
318 1753 405 1789 tam
419 1748 622 1790 immensa
640 1753 706 1790 est
719 1747 946 1790 multitudo
962 1762 1118 1801 eorum,
1139 1747 1212 1803 qui
1226 1747 1413 1803 Vergilii
1427 1748 1681 1791 carminibus

163 1817 357 1872 edendis,
393 1818 679 1872 recensendis,
718 1818 1009 1872 emendandis,
1047 1817 1306 1876 explicandis
1346 1833 1517 1875 operam
1553 1834 1683 1863 nava-

163 1895 327 1943 verunt,
356 1895 421 1931 tot
440 1889 537 1932 libri
556 1889 741 1932 libeHive
773 1889 826 1932 de
847 1890 928 1932 hoc
947 1895 1075 1946 poeta
1095 1889 1320 1946 conscripti
1341 1896 1452 1943 sunt,
1484 1896 1532 1933 ut
1558 1891 1681 1934 facile

162 1960 422 2003 satisfactum
453 1975 546 2003 esse
576 1960 713 2004 videri
742 1961 880 2018 possit
910 1960 1060 2014 officio,
1092 1975 1176 2017 quo
1207 1959 1411 2004 adversus
1441 1963 1683 2005 suavissimi

162 2037 313 2089 poetae
335 2032 517 2074 carmina
536 2031 829 2074 amoenissima
844 2030 1155 2087 obstringimur,
1176 2032 1424 2089 praesertim
1439 2030 1546 2087 cum,
1567 2034 1684 2091 quod

163 2103 316 2146 attinet
345 2102 401 2145 ad
431 2108 564 2145 artem
583 2102 782 2155 criticam,
813 2117 899 2145 non
929 2102 1035 2145 alius
1057 2102 1275 2159 scriptoris
1295 2102 1416 2145 latini
1437 2118 1566 2161 opera
1595 2110 1683 2147 tam

163 2179 428 2217 vetustorum
460 2172 652 2216 codicum
681 2174 773 2231 pari
803 2188 979 2216 numero
1010 2173 1166 2217 tradita
1196 2174 1291 2216 sint.
1349 2174 1510 2218 Tamen
1541 2177 1684 2219 nescio

163 2261 229 2299 an,
244 2260 338 2290 cum
353 2245 433 2288 hoc
448 2246 542 2303 ipso
560 2245 728 2288 saeculo
743 2259 879 2288 novae
894 2244 950 2287 ad
965 2244 1149 2302 Vergilii
1163 2250 1328 2287 textum
1343 2246 1685 2289 constituendum

162 2317 258 2360 viae
289 2317 417 2360 initae
449 2317 552 2370 sint,
591 2317 709 2360 salva
738 2315 946 2359 modestia
982 2331 1081 2373 erga
1111 2331 1202 2370 eos,
1240 2317 1312 2374 qui
1348 2317 1440 2360 vias
1478 2324 1686 2361 monstra-

164 2389 334 2442 verunt,
365 2402 449 2431 non
480 2387 622 2431 desint
650 2388 753 2442 loci,
784 2388 955 2446 quibus,
993 2403 1089 2431 cum
1118 2388 1180 2430 illi
1211 2388 1417 2431 erravisse
1448 2388 1685 2444 videantur,

165 2460 289 2504 aliam
319 2455 572 2503 sententiam
600 2459 789 2517 proferre
818 2459 954 2503 liceat.
1005 2460 1118 2503 Nam
1148 2475 1243 2503 cum
1273 2465 1397 2504 antea
1426 2461 1531 2504 nulli
1551 2461 1688 2505 codici

164 2530 271 2573 fides
300 2531 434 2572 maior
464 2536 538 2572 aut
558 2545 692 2587 aequa
710 2530 855 2573 habita
876 2531 932 2573 sit
952 2546 1000 2573 ac
1020 2531 1232 2583 Mediceo,
1264 2546 1360 2573 cum
1379 2532 1505 2575 huius
1527 2533 1686 2576 codicis

135 2621 137 2624 ·
167 2600 448 2659 antiquissimi
477 2600 640 2658 fulgore
671 2615 817 2644 omnes
845 2601 916 2645 alii
937 2601 1149 2645 obscurati
1170 2601 1267 2656 sint,
1299 2601 1407 2645 Otto
1427 2602 1688 2647 Ribbeckius

165 2673 269 2715 alios
300 2672 468 2715 codices
499 2678 624 2715 antea
651 2677 778 2715 notos
810 2671 993 2732 quidem,
1025 2672 1102 2716 sed
1132 2673 1348 2729 neglectos
1376 2675 1689 2718 accuratissime

165 2743 345 2788 contulit
374 2748 418 2787 et
447 2743 616 2803 cognita
646 2757 792 2788 eorum
821 2743 1094 2803 praestantia,
1124 2743 1278 2803 quibus
1308 2743 1414 2788 locis
1444 2743 1491 2788 id
1518 2744 1691 2804 placuit,
