1826 3152
859 123 914 169 26

127 267 207 309 que
245 267 371 296 voces
414 253 454 296 ei
496 259 660 298 tantum
701 257 812 313 parti
855 256 1042 299 hostium
1083 254 1331 298 tribuendae
1372 259 1497 308 sunt,
1539 268 1647 311 quae

126 324 321 366 Troianis
351 324 542 381 proxima
566 332 656 369 erat
678 328 851 385 (primis)
883 333 928 371 et
958 327 1049 370 sola.
1077 325 1223 369 audire
1253 330 1432 383 poterat,
1461 320 1653 377 hostiumJ

115 394 308 451 'linguam
328 410 353 437 a
374 411 450 438 sua
471 395 720 455 discrepare.
781 399 932 456 Neque
946 398 1091 441 ‘minus
1118 397 1249 440 verba
1272 397 1392 441 ilicet
1415 396 1649 440 obruimur

126 480 328 520 numero,
372 467 524 523 quibus
567 468 794 512 multitudo
837 469 1024 513 hostium
1064 469 1174 526 parti
1212 467 1379 512 cuidam
1409 467 1648 525 opponitur,

127 535 427 591 demonstrant,
458 538 589 581 verba
619 540 903 595 adynoseunt,
935 540 1119 596 siynant
1147 538 1202 581 ad
1231 539 1345 582 illam
1365 543 1528 596 partem
1556 542 1650 580 tan-

125 612 216 650 tum
245 607 430 652 hostium
460 609 680 653 reserenda
711 626 816 654 esse.
1698 615 1701 618 ’

244 691 376 743 Quod
413 699 554 736 autem
590 694 634 736 in
665 693 859 736 Palatino
904 694 1003 736 olim
1039 693 1264 737 PRIAMI
1307 692 1478 736 videtur
1517 691 1649 735 fuisse

125 777 210 804 non
240 764 381 820 magni
411 766 587 808 aestimo
625 780 762 821 neque
806 765 886 808 hoc
922 765 1138 809 librarium
1168 780 1307 808 errore
1339 764 1557 822 scripsisse
1589 764 1651 807 af-

124 834 287 876 firmare
318 834 479 878 dubito.
539 836 653 878 Nam
683 836 727 877 in
757 835 836 878 hac
865 836 1019 879 Troiae
1050 835 1214 879 deletae
1245 835 1540 892 descriptione,
1577 834 1650 878 ubi

125 905 281 948 totiens
312 906 471 950 Priami
500 923 653 951 nomen
686 907 954 951 scribendum
985 913 1086 961 erat,
1116 906 1325 950 Priameia
1351 908 1452 959 403,
1481 906 1650 949 Priamo

128 977 226 1028 344,
256 976 509 1033 Priamoque
532 980 631 1031 291,
661 978 818 1020 Priami
849 980 946 1031 191,
976 979 1168 1020 Priamus
1193 979 1290 1031 147,
1321 977 1560 1033 Priamique
1584 978 1652 1030 56,

126 1061 253 1102 quam
282 1047 404 1091 facile
436 1048 626 1092 accidere
657 1055 835 1106 poterat,
872 1056 921 1092 ut
950 1049 1143 1093 librarius
1181 1049 1359 1091 Priami
1394 1063 1471 1105 pro
1507 1047 1653 1104 primi

126 1117 352 1161 scriberet!
412 1120 564 1177 Neque
596 1119 752 1163 desunt
781 1120 851 1162 alii
880 1120 981 1173 loci,
1024 1120 1176 1177 quibus
1218 1119 1399 1162 nominis
1440 1119 1652 1162 Priamus

125 1188 261 1232 forma
289 1206 368 1246 pro
398 1192 517 1234 vocis
542 1193 724 1248 primus
754 1191 889 1235 forma
919 1192 1075 1249 scripta
1104 1197 1181 1234 est.

188 1259 240 1302 cf.
270 1259 332 1303 H.
363 1263 463 1304 485.

342 1324 627 1391 Armatosque
658 1333 808 1378 vident
838 1333 990 1377 stantis
1021 1334 1064 1376 in
1094 1332 1238 1377 limine
1268 1332 1403 1390 primo

127 1401 357 1446 Bernensis
389 1419 431 1448 a:
457 1406 652 1462 priamo.

187 1474 274 1518 HI.
307 1477 406 1519 205.

343 1546 510 1598 Quarto
540 1553 653 1590 terra
683 1547 752 1590 die
783 1548 966 1605 primum
996 1563 1041 1590 se
1073 1547 1263 1590 attollere
1294 1546 1465 1589 tandem

558 1619 682 1666 Visa.
714 1647 770 1652 —
802 1619 877 1673 M:
908 1619 1222 1667 PRIAMVM.

188 1688 274 1735 IV.
308 1691 406 1734 677.

346 1762 465 1814 Quid
495 1764 678 1821 primum
709 1764 878 1807 deserta
908 1765 1087 1820 querar?

559 1834 635 1878 M:
666 1833 915 1880 PRIAMV
916 1834 968 1876 M

189 1904 299 1947 Aen.
330 1905 414 1948 XI.
448 1908 548 1950 895.

344 1976 587 2034 primaeque
618 1977 724 2020 mori
754 1992 832 2035 pro
863 1976 1084 2020 moenibus
1115 1976 1265 2020 ardent

189 2047 227 2089 P
241 2065 250 2090 ε
282 2047 578 2091 PRIAMAE.

683 2214 795 2258 Aen.
828 2214 883 2258 II.
917 2211 1004 2257 615
1036 2226 1103 2271 sq.

346 2326 448 2368 Iam
477 2339 679 2368 summas
709 2339 829 2367 arces
864 2324 1064 2367 Tritonia
1101 2324 1294 2381 (respice)
1333 2323 1484 2367 Pallas

347 2395 519 2437 Insedit
546 2395 697 2437 nimbo
729 2395 940 2452 effulgens
971 2398 1012 2437 et
1048 2394 1244 2451 Goryone
1273 2408 1416 2437 saeva.

251 2490 337 2532 Pro
387 2490 539 2532 nimbo
587 2490 741 2547 legitur
786 2490 829 2532 in
872 2489 1098 2532 Moretano
1142 2488 1328 2532 secundo
1372 2488 1489 2532 varia
1531 2472 1659 2531 lectio

133 2561 283 2616 limbo,
328 2560 443 2618 quod
474 2576 500 2604 a
530 2561 783 2619 quibusdam
827 2577 905 2619 pro
949 2562 1101 2605 nimbo
1143 2561 1301 2605 lectum
1345 2575 1439 2604 esse
1483 2558 1658 2604 Servius

131 2632 272 2674 tradit.
333 2633 496 2675 Nimbo
539 2638 681 2675 autem
724 2639 768 2675 et
809 2633 853 2675 in
891 2632 1086 2676 omnibus
1124 2632 1340 2676 codicibus
1371 2631 1587 2675 invenitur
1617 2636 1661 2674 et

132 2702 185 2746 ab
216 2702 367 2748 Servio
400 2709 443 2746 et
473 2704 526 2747 ab
558 2703 785 2747 scholiasta
815 2703 871 2747 ad
900 2704 1008 2747 Hor.
1040 2719 1165 2748 carm.
1195 2703 1231 2747 Ι.
1266 2706 1334 2747 15.
1368 2705 1436 2747 11.
1466 2701 1659 2746 traditur.
