1826 3152
891 162 944 221 31

159 310 340 363 poetam,
370 310 419 348 ut
439 320 543 349 voce
573 306 746 353 sonitus
776 305 890 349 idem
920 306 1058 364 signat
1087 320 1135 348 36
1155 305 1328 361 fulmen
1357 304 1543 348 tonitrua
1562 316 1676 347 com-

159 391 348 430 movens,
378 377 438 419 ita
467 376 632 419 flamma
661 376 774 419 idem
805 377 1083 434 significatum
1113 377 1298 419 voluisse
1330 392 1378 419 36
1407 376 1573 419 nimbis.

277 448 427 504 Itaque
457 463 551 490 mea
571 447 739 504 quidem
762 448 970 490 sententia
990 448 1170 490 nimbus
1201 453 1267 491 est
1297 463 1382 491 vox
1408 447 1548 491 media
1567 463 1675 504 quae

160 517 315 561 dicitur
344 524 393 561 ut
422 519 466 561 in
496 524 641 561 nostra
669 518 813 576 lingua
845 519 1005 562 Schein
1034 534 1169 576 neque
1200 519 1337 561 minus
1367 519 1572 576 fulgorem
1603 525 1676 561 aut

160 590 313 633 claram
348 590 544 634 nebulam
580 591 812 647 significare
847 596 990 648 potest
1028 606 1155 647 quam
1189 590 1323 633 nubes
1360 597 1433 633 aut
1469 591 1676 644 tenebras,

160 660 214 703 de
245 676 328 718 qua
358 661 661 718 significatione
693 675 820 718 supra
849 660 1039 703 disserui.
1090 661 1158 704 Ne
1188 662 1360 718 longum
1380 662 1547 704 faciam:
1580 677 1675 705 cum

158 732 267 775 Aen.
287 732 395 775 ΧΠ.
418 734 516 775 811.
546 732 744 788 flammis
774 732 918 775 cincta
947 731 1060 775 idem
1084 747 1184 775 -esse
1214 732 1410 776 videatur
1439 748 1565 790 quam
1595 733 1675 775 hoc

158 803 252 846 loco
289 804 440 846 nimbo
478 803 712 859 effulqens;
757 818 852 845 cum
889 818 942 845 ex
972 803 1080 845 Aen.
1111 803 1194 846 IX.
1228 806 1325 857 111,
1362 804 1421 849 V.
1454 806 1553 857 655,
1590 804 1674 849 VI.

162 876 246 917 585
278 879 488 931 appareat,
520 888 668 917 vocem
697 873 828 917 nimbi
859 874 985 916 etiam
1016 873 1069 916 de
1099 873 1260 931 fulgore
1291 889 1340 917 36
1369 869 1524 917 lumine
1556 890 1676 918 usur—

159 950 301 1003 patam
321 960 427 999 esse,
456 961 541 988 non
569 944 717 988 dubito
738 945 960 988 affirmare:
991 945 1232 1002 Vergilium
1251 946 1331 988 hoc
1350 946 1457 999 loco,
1487 946 1595 988 Aen.
1615 945 1676 988 H.

161 1017 266 1069 616,
301 1015 542 1060 Minervam
576 1016 637 1058 ita
673 1015 965 1073 descripsisse,
1004 1022 1052 1058 ut
1086 1021 1223 1058 totum
1259 1016 1349 1058 eius
1381 1031 1554 1072 eorpus,
1590 1031 1676 1058 non

162 1091 289 1143 caput
319 1087 472 1140 solum,
508 1092 557 1129 ut
587 1086 759 1130 Servius
797 1086 916 1140 dicit,
952 1086 1093 1147 lucido
1124 1085 1346 1143 splendore
1377 1086 1546 1143 fulgeat,
1584 1087 1674 1129 sive

159 1163 289 1214 poeta
318 1157 371 1200 de
402 1157 586 1200 incendii
615 1157 792 1200 flammis
824 1158 1038 1214 cogitavit,
1069 1158 1159 1200 sive
1190 1157 1271 1199 hoc
1291 1157 1433 1200 nimbo
1454 1157 1675 1200 Minervae

160 1227 407 1286 adspectum
436 1228 731 1274 terribiliorem
759 1227 937 1270 reddere
968 1228 1115 1281 voluit,
1146 1234 1194 1270 ut
1219 1228 1291 1270 illo
1312 1228 1418 1281 1060,
1448 1228 1556 1270 ΧΠ.
1579 1231 1678 1281 811,

161 1298 371 1343 Iunonem
400 1299 576 1343 flammis
607 1300 786 1343 cinctam
814 1300 946 1342 finxit.

282 1370 370 1414 Sed
389 1370 610 1414 redeamus
631 1371 686 1414 ad
699 1371 893 1415 Servium
914 1372 1086 1428 eiusque
1099 1371 1504 1429 interpretationem:
1525 1372 1676 1425 „Nube

161 1441 306 1485 divina
312 1458 323 1495 3
355 1447 421 1484 est
441 1442 553 1484 enim
572 1442 779 1499 fulgidum
796 1442 950 1495 lumen,
978 1458 1061 1499 quo
1083 1442 1258 1485 deorum
1278 1442 1416 1499 capita
1436 1443 1677 1499 cinguntur:

164 1513 225 1555 sic
246 1513 373 1555 etiam
392 1513 510 1569 pingi
531 1513 650 1555 solet.
662 1516 689 1568 1)
741 1513 894 1570 Capita
914 1513 1089 1555 deorum
1118 1513 1191 1555 tali
1219 1512 1360 1555 lucido
1381 1513 1482 1555 orbe
1504 1514 1678 1556 circum-

161 1582 261 1625 data
302 1582 417 1625 haud
458 1598 553 1625 raro
596 1582 788 1626 videmus
831 1584 875 1626 in
916 1584 1090 1641 picturis
1127 1584 1360 1640 parietariis
1396 1584 1678 1640 Pompeianis.

160 1654 391 1710 Postquam
412 1654 522 1696 enim
542 1654 720 1697 artifices
749 1660 937 1711 tempore
958 1654 1350 1707 Alexandrinorum,
1378 1654 1491 1710 quod
1512 1654 1677 1708 dicitur,

162 1725 328 1767 initium
358 1725 565 1778 fecerunt,
602 1724 778 1768 deorum
808 1740 983 1781 corpora
1013 1740 1063 1767 eo
1094 1725 1220 1767 modo
1258 1726 1310 1767 ab
1341 1725 1556 1767 hominum
1586 1741 1677 1768 cor-

160 1796 333 1854 poribus
376 1795 679 1853 distinguendi,
722 1796 775 1839 ab
816 1796 899 1839 illis
948 1796 1016 1838 hie
1060 1811 1160 1839 usus
1203 1795 1258 1839 ad
1302 1795 1452 1839 Italiae
1495 1797 1676 1854 pictores

160 1868 347 1923 transiit¹
368 1867 510 1923 itaque
553 1881 685 1923 usque
728 1867 773 1908 in
817 1873 962 1909 nostra
1002 1872 1192 1923 tempora
1233 1868 1433 1909 remansit
1477 1874 1520 1909 et
1564 1883 1676 1909 nune

161 1938 512 1993 Heiliyensehein
548 1943 733 1982 vocatur.
802 1937 944 1989 Quare
991 1953 1085 1980 cum
1121 1937 1295 1980 dubium
1337 1953 1422 1980 non
1459 1939 1533 1992 sit,
1576 1939 1677 1995 quin

162 2008 366 2051 Romanis
387 2008 571 2065 Vergilii
591 2008 851 2066 temporibus
883 2023 933 2050 ea
961 2023 1041 2061 res,
1072 2023 1197 2064 quam
1218 2007 1391 2051 Servius
1412 2009 1546 2063 affert,
1576 2016 1677 2053 nota

159 2079 298 2132 fuerit,
328 2079 506 2122 fortasse
528 2080 566 2121 ei
588 2079 863 2122 diffidendum
892 2095 977 2122 non
1008 2085 1073 2122 est
1103 2078 1156 2122 de
1184 2094 1301 2132 voce,
1332 2095 1456 2136 quam
1486 2080 1584 2123 huie
1614 2081 1676 2124 rei

161 2151 340 2209 imponit
370 2150 577 2207 (nimbus).

279 2222 380 2265 Non
410 2222 549 2265 minus
580 2228 721 2265 autem
747 2237 872 2279 quam
901 2220 1052 2264 nimbo
1082 2225 1227 2278 aptum
1258 2221 1389 2264 limbo
1419 2221 1522 2264 mihi
1552 2227 1679 2280 poeta

161 2292 380 2351 indignum
408 2292 589 2338 videtur.
619 2294 731 2337 Nam
760 2308 885 2350 quam
914 2292 1103 2349 ineptum
1130 2298 1254 2346 esset,
1283 2307 1542 2352 gorgoneum
1562 2293 1679 2349 illud,

161 2371 364 2408 terrorem
406 2365 592 2409 omnium
627 2365 866 2408 animalium
909 2363 1058 2406 eodem
1095 2363 1242 2406 ordine
1279 2364 1450 2421 iungere
1489 2380 1584 2409 cum
1622 2392 1678 2398 —

161 2438 294 2481 vestis
324 2437 476 2480 lacinia
505 2452 583 2479 acu
612 2437 742 2495 picta!

231 2533 233 2535 -
279 2508 391 2551 Tum
432 2507 545 2551 haud
582 2508 688 2562 seio,
730 2505 940 2565 quomodo
982 2506 1078 2550 talis
1120 2506 1271 2550 lacinia
1312 2523 1338 2550 a
1380 2522 1543 2551 summa
1584 2523 1679 2553 arce

162 2594 295 2638 usque
326 2579 371 2622 in
400 2580 526 2622 imam
555 2579 702 2622 urbem
737 2594 815 2636 per
849 2584 1017 2621 noctem
1054 2584 1097 2621 61
1132 2579 1328 2622 tenebras
1358 2579 1498 2623 lucere
1528 2582 1678 2638 possit.

283 2700 313 2742 ¹)
338 2697 467 2735 Omnia
482 2701 714 2750 monumenta
730 2696 823 2735 artis
840 2696 1025 2744 antiquae,
1045 2697 1084 2733 in
1100 2697 1305 2743 quibus‘hie
1320 2698 1464 2736 nimbus
1481 2699 1681 2751 invenitur,

164 2757 319 2798 contulit
342 2755 516 2807 Stephani
539 2755 563 2795 1.
587 2755 611 2794 1.
