1826 3152
877 154 934 199 24

674 331 786 379 Aen.
816 332 875 376 II.
906 329 1010 376 420.
1042 345 1136 391 sqq.

359 436 436 478 Illi
466 435 617 489 etiam,
649 436 801 492 siquos
831 436 1015 479 obscura
1045 440 1167 479 ‘noete
1192 451 1276 494 per
1305 437 1512 480 umbram

358 507 582 549 Fudimus
612 506 794 550 insidiis
827 511 998 564 totaque
1028 508 1297 565 agitavimus
1327 509 1434 552 urbe

358 579 617 635 Apparent;
645 576 801 637 primi
821 579 978 636 clipeos
1008 579 1278 637 ‘mentitaque
1310 581 1394 623 tela

358 650 646 707 Adynoscunt
674 654 804 708 atque
835 665 914 694 ora
943 665 1049 694 sono
1079 651 1298 695 discordia
1327 652 1521 709 siynant.

264 750 304 776 v.
336 736 421 776 422
449 735 595 790 primi
623 734 778 790 legitur
803 734 848 775 in
882 733 1082 776 Mediceo
1114 734 1389 791 omnibusque
1422 734 1665 777 minoribus.

144 807 196 849 In
211 806 413 849 Palatino
428 804 481 848 de
504 805 709 863 scriptura
729 804 924 862 antiquae
945 820 1092 848 manus
1113 804 1194 847 hoc
1215 811 1432 863 superest:
1465 838 1475 848 .
1488 804 1566 848 RI.
1579 803 1667 858 MI,

145 883 189 919 et
220 892 316 918 cum
349 876 583 919 secundum
620 876 903 918 Ribbeckium
943 876 987 917 A
1029 882 1127 918 ante
1160 877 1325 919 literam
1367 876 1418 918 M
1460 875 1667 918 excidisse

143 947 363 1002 videatur,
411 948 591 1009 pristina
638 946 821 990 Palatini
863 946 989 990 lectio
1033 946 1259 990 PRIAMI
1306 947 1437 991 fuisse
1487 945 1667 990 videtur.

144 1020 245 1071 Qua
273 1034 319 1062 re
351 1019 476 1061 nixus
496 1019 756 1062 Ribbeckius
789 1018 978 1075 scripsit:
1010 1018 1191 1072 „Priami
1222 1019 1379 1077 clipeos
1410 1019 1667 1075 mentitaque

142 1090 227 1133 tela
257 1089 558 1147 adgnoscunt“.

261 1162 441 1215 ,‚Nam“,
484 1161 622 1218 inquit
638 1163 687 1217 ¹),
732 1160 869 1218 „quod
901 1176 995 1204 cum
1041 1162 1191 1205 ceteris
1223 1161 1415 1205 omnibus
1446 1159 1668 1203 Mediceus

144 1233 320 1290 praebet
344 1232 491 1289 primi
532 1231 635 1288 quid
673 1231 754 1274 sibi
792 1232 913 1286 velit,
958 1247 1082 1275 nemo
1124 1233 1401 1290 interpretum
1443 1232 1574 1285 dixit,
1619 1247 1668 1274 ac

142 1303 306 1358 nescio,
350 1308 492 1345 utrum
528 1303 598 1345 illi
633 1301 906 1359 intellegendi
937 1303 1040 1357 sint,
1083 1319 1189 1360 quos
1219 1304 1377 1361 primos
1408 1303 1670 1360 agitaverant

141 1375 259 1417 falsis
302 1374 429 1416 armis
472 1374 645 1416 Troiani
690 1376 805 1429 (399)
849 1389 902 1416 an
933 1374 1046 1417 Aiax
1089 1381 1133 1418 et
1168 1374 1346 1417 Atridae
1390 1389 1485 1417 cum
1528 1379 1667 1417 cetero

143 1445 331 1488 exercitu
363 1447 464 1500 (414
485 1447 596 1501 sq.)“.

261 1516 510 1558 Lectionem
542 1516 719 1557 Priami
749 1531 783 1558 e.
819 1532 859 1572 q.
893 1532 929 1558 s.
975 1517 1236 1559 Ribbeekius
1280 1516 1324 1558 in
1369 1517 1667 1559 commentario

143 1586 287 1628 critico
320 1601 355 1628 a.
386 1585 426 1628 h.
457 1585 483 1628 l.
528 1585 588 1627 sic
630 1585 954 1643 interpretatur:
1006 1586 1288 1644 Adgnoscunt
1324 1587 1501 1629 mentita
1542 1601 1667 1640 arma,

142 1658 301 1715 clipeos
330 1662 374 1699 et
394 1657 490 1710 tela,
511 1672 597 1699 non
619 1656 878 1700 Graecorum
905 1657 982 1701 sed
1002 1658 1159 1700 Priami
1179 1658 1540 1714 Troianorumque
1562 1672 1667 1700 esse.

261 1739 393 1792 Quod
429 1739 690 1783 Ribbeckius
734 1740 930 1794 affirmat,
973 1741 1171 1797 cognosci
1213 1756 1298 1783 non
1341 1756 1486 1798 posse,
1523 1740 1669 1798 primi

141 1811 245 1869 quid
276 1811 357 1854 sibi
387 1811 492 1854 velit
523 1816 567 1853 et
597 1809 650 1853 de
681 1811 834 1867 quibus
872 1810 1047 1855 Graecis
1086 1811 1245 1854 dictum
1282 1812 1355 1866 sit,
1392 1812 1482 1854 sine
1518 1826 1669 1868 magna

141 1882 388 1924 difficultate
420 1881 555 1923 refelli
584 1887 738 1938 potest.

258 1952 372 1996 Nam
396 1952 543 2010 primi
579 1951 633 1995 de
670 1952 752 1996 illis
790 1952 950 1996 dictum
981 1958 1064 2008 est,
1107 1968 1213 2011 quos
1256 1953 1430 1996 Troiani
1465 1951 1669 2007 „obscura

139 2030 265 2067 nocte
296 2039 373 2081 per
402 2024 594 2066 umbram
623 2023 820 2066 fuderant
850 2024 1016 2067 insidiis
1049 2030 1221 2082 totaque
1252 2025 1355 2068 urbe
1391 2025 1666 2081 agitaverant,

140 2102 184 2140 et
214 2096 287 2154 qui
317 2110 429 2138 nunc
449 2100 689 2153 apparent“.
750 2095 821 2138 Ex
846 2095 913 2139 his
935 2095 1112 2139 Graecis
1133 2102 1274 2140 autem
1288 2096 1435 2154 primi
1463 2100 1669 2140 vocantur

138 2183 164 2210 a
192 2173 322 2225 poeta
364 2167 421 2220 ei,
464 2167 537 2223 qui
567 2167 741 2210 Aeneae
784 2169 1019 2225 ceterisque
1061 2169 1155 2211 loco
1198 2168 1380 2226 proximi
1424 2173 1543 2211 erant
1572 2168 1598 2210 i.
1631 2182 1666 2210 e.

137 2239 274 2296 prima
304 2252 450 2281 eorum
480 2238 611 2291 acies,
643 2238 694 2291 ei,
725 2239 798 2295 qui
828 2240 963 2296 primo
993 2239 1087 2282 loco
1118 2238 1381 2282 incedebant.

257 2309 370 2352 Nam
407 2324 515 2362 cum,
557 2324 644 2352 nox
682 2315 796 2353 esset
832 2310 1130 2354 obscurissima
1174 2311 1275 2366 (360
1313 2324 1399 2352 nox
1436 2314 1527 2352 atra
1563 2324 1668 2353 cava

142 2379 417 2423 circumvolat
446 2379 608 2435 umbra)
641 2395 694 2422 ex
724 2381 889 2437 agmine
912 2380 1183 2434 Graecorum,
1214 2396 1320 2437 quos
1341 2381 1514 2423 Troiani
1544 2386 1668 2422 antea

138 2451 256 2494 falsis
288 2451 413 2494 armis
444 2450 698 2506 fefellerant,
744 2452 801 2505 ei,
838 2452 911 2509 qui
941 2453 1200 2510 aliquantum
1229 2466 1255 2494 a
1284 2451 1478 2494 Troianis
1514 2451 1667 2494 remoti

138 2528 268 2576 erant,
298 2521 506 2565 Troianos
529 2521 704 2565 Graecis
736 2523 861 2565 armis
892 2529 1028 2566 tectos
1060 2538 1311 2580 cognoscere
1342 2539 1429 2566 non
1458 2529 1666 2582 poterant,

139 2593 216 2637 sed
247 2594 287 2636 ei
317 2599 494 2648 tantum,
524 2593 597 2651 qui
627 2593 822 2636 Troianis
853 2594 1034 2652 proximi
1065 2599 1207 2638 erant:
1237 2595 1422 2654 „primi“.

260 2739 292 2785 ¹)
316 2740 456 2788 proleg.
482 2740 562 2777 crit.
590 2751 625 2786 p.
650 2740 730 2778 310.
