1826 3152
1617 135 1632 157 ‘N

919 157 972 204 10

186 288 332 333 mundi
363 294 487 343 statu,
518 289 591 346 qui
621 289 762 334 verbis
795 293 914 333 tener
933 289 1095 334 mundi
1115 288 1232 333 orbis
1263 288 1531 348 significatur.
1575 287 1706 333 Prae-

185 365 300 402 terea
324 361 490 416 primis
521 361 611 404 sine
638 361 950 418 praepositione
983 376 1034 403 esc
1063 361 1163 403 ferri
1193 376 1278 403 non
1308 367 1463 418 potest,
1494 361 1703 404 ablativus

185 431 295 473 enim
325 431 405 474 hoc
435 432 528 475 loco
565 448 650 475 non
683 438 749 475 est
785 447 906 476 casus
938 447 1088 476 causae
1126 437 1199 476 aut
1227 431 1514 486 instrumenti,
1550 430 1704 489 quibus

185 517 252 546 res
283 508 567 557 concrescunt,
597 503 642 545 in
672 518 803 546 unum
833 502 1073 546 coalescunt
1104 508 1152 546 ut
1182 503 1292 548 Aen.
1324 503 1385 546 II.
1418 505 1517 546 277.

328 573 598 630 Squalentem
628 575 801 618 barbam
832 580 875 618 et
905 580 1123 618 concretos
1156 575 1356 632 sanguine
1389 575 1514 619 crinis

302 651 374 688 aut
404 646 512 688 Aen.
543 646 652 688 XII.
687 648 784 689 905.

326 717 480 760 Genua
508 718 663 771 labant,
693 717 859 774 gelidus
891 718 1106 760 concrevit
1135 718 1290 775 frigore
1325 718 1495 776 sanguis

302 793 375 830 aut
406 787 489 832 Ov.
520 795 618 832 met.
649 789 733 832 IX.
767 790 864 832 220.

327 860 471 916 thue
502 861 644 903 ferunt
674 862 828 904 imbres
859 860 1011 917 gelidis
1043 876 1310 904 concrescere
1342 860 1494 915 ventis,

183 929 259 972 sed
289 931 431 974 verbis
463 932 532 974 his
558 967 565 974 .
595 967 603 975 .
632 967 640 974 .
659 932 827 991 primis
867 932 1154 989 significantur
1191 931 1456 989 corpuscula,
1493 930 1606 974 unde
1637 945 1704 973 res

182 1009 412 1045 nascuntur
441 1004 737 1061 fingunturque
769 1003 950 1061 ideoque
982 1019 1033 1047 ew
1062 1003 1320 1061 praepositio
1351 1003 1600 1061 postulatur.

300 1089 340 1115 v.
375 1077 443 1116 34.
473 1075 692 1117 Palatinus
723 1090 808 1117 non
839 1076 992 1117 omnia
1022 1079 1064 1117 et
1093 1075 1170 1117 sed
1200 1076 1376 1118 omnisa
1406 1079 1447 1118 et
1474 1075 1621 1126 habet,
1658 1079 1706 1116 ut

185 1146 331 1188 omnis
353 1150 394 1189 et
412 1146 639 1204 legendum
660 1147 726 1191 sit.
776 1146 962 1190 Omnisa
982 1146 1025 1189 in
1046 1145 1273 1205 archetypo
1293 1145 1375 1189 hoc
1393 1145 1525 1190 fuisse
1544 1143 1704 1204 prodit:

345 1218 385 1259 A

190 1287 398 1331 OMNIS.
463 1289 680 1332 Palatinus
718 1290 829 1332 enim
867 1304 993 1346 saepe
1030 1288 1263 1332 secundum
1300 1288 1476 1331 aliorum
1504 1287 1706 1332 librorum

181 1363 348 1401 textum
378 1366 591 1402 correctus
622 1360 714 1402 fuit.

308 1430 546 1474 OMNISA
576 1431 791 1474 invenitur
820 1431 864 1473 in
895 1431 1089 1474 Palatino
1121 1430 1248 1473 etiam
1279 1430 1353 1473 e‘cl.
1382 1429 1468 1475 IV.
1496 1431 1563 1472 52.

272 1502 445 1559 Aspice,
476 1509 655 1546 venturo
686 1503 895 1546 laetentur
925 1509 973 1546 ut
1003 1503 1144 1546 omnia
1174 1503 1323 1546 saeclo.

272 1573 358 1615 Hic
389 1579 530 1616 autem
561 1576 736 1618 omnisa
765 1590 842 1632 per
872 1590 1052 1632 sequens
1085 1574 1251 1617 SAeclo
1283 1579 1421 1616 ortum
1452 1578 1528 1616 est.

303 1645 439 1687 Simili
482 1646 609 1688 modo
652 1647 695 1688 in
739 1647 932 1689 Palatino
964 1648 1073 1689 Aen.
1116 1646 1153 1689 Ι.
1199 1648 1284 1689 359
1326 1660 1403 1702 pro
1449 1646 1706 1688 thensauros

179 1714 382 1768 iynoturn
404 1715 606 1772 scriptum
628 1721 694 1758 est
716 1718 1003 1761 thensauros
1028 1717 1272 1769 SAnotum,
1305 1715 1469 1773 duabus
1489 1716 1622 1757 literis
1653 1729 1707 1756 ex

183 1784 333 1828 eodem
363 1801 492 1829 versu
522 1788 727 1845 repetitis.

308 1858 464 1900 Omnis
501 1859 750 1901 attributum
788 1874 880 1901 esse
919 1858 1059 1901 dicere
1096 1859 1245 1912 nolim,
1288 1874 1343 1901 ne
1380 1857 1465 1901 duo
1483 1857 1706 1907 attributa

180 1929 339 1983 omnis,
374 1933 493 1972 tener
523 1929 613 1972 sine
646 1934 687 1972 et
711 1930 1005 1973 coniunctione
1036 1945 1132 1972 cum
1163 1930 1431 1973 substantivo
1460 1929 1578 1972 orbis
1607 1943 1706 1971 con—

179 1999 417 2056 iungantur.
491 2000 644 2058 Itaque
681 2000 968 2058 praedicatum
1009 2016 1103 2044 esse
1140 2006 1263 2058 puto:
1314 1999 1390 2043 der
1431 1999 1620 2043 Himmel
1662 1999 1706 2042 in

182 2071 321 2114 seiner
352 2071 632 2115 Gesamtheit.

783 2201 866 2246 ecl.
901 2201 976 2245 lx.
1011 2198 1082 2245 59.

298 2307 386 2349 Hie
417 2308 521 2349 adeo
552 2308 740 2350 mediast
770 2307 897 2349 nobis
929 2307 1016 2361 via,
1048 2321 1241 2362 namque
1270 2306 1552 2362 sepulchrum

299 2378 470 2432 Incipit
500 2393 713 2433 apparere
745 2378 972 2420 Bianoris.

299 2449 368 2491 M:
401 2450 517 2492 hine.

297 2520 418 2562 Hine
438 2535 464 2562 a
483 2520 695 2577 plerisque
717 2520 950 2563 editoribus
977 2526 1194 2577 receptum
1221 2526 1286 2563 est
1293 2537 1305 2573 ;
1334 2520 1438 2563 mihi
1469 2520 1552 2573 hie,
1585 2518 1702 2577 quod

180 2579 217 2633 Ρ
237 2591 377 2645 habet,
407 2591 556 2635 melius
578 2591 761 2644 videtur,
792 2607 890 2635 nam
910 2593 1057 2635 media
1077 2593 1154 2635 via
1175 2606 1260 2634 non
1281 2591 1489 2648 significat
1508 2590 1705 2647 spatium,

183 2662 259 2704 sed
289 2663 439 2705 locum.
501 2664 552 2706 cf.
586 2664 764 2706 Theocr.
802 2664 911 2708 ἯΙ.
947 2666 1014 2706 10.
1076 2659 1246 2709 Κοίἷπω
1276 2662 1356 2708 τὰν
1384 2661 1576 2719 μεσοίταν
1607 2658 1710 2707 ὁδὸν

180 2730 344 2793 ἄνομες,
377 2734 422 2777 id
454 2741 536 2779 est:
568 2734 757 2781 nondum
787 2734 972 2779 medium
996 2734 1088 2779 viae
1118 2734 1259 2779 locum
1285 2732 1503 2783 consecuti
1530 2746 1707 2787 eramus,
