1826 3152
890 142 944 188 12

278 275 487 333 Equidem
518 290 688 318 versum
719 275 789 329 ita,
820 281 868 317 ut
898 275 1060 332 scripsi,
1091 274 1453 332 transponendum
1483 289 1577 318 esse
1597 290 1676 332 pu-

163 349 268 401 tavi,
304 354 352 390 ut
382 347 607 390 referretur
637 345 691 389 ad
721 361 864 404 poma,
894 361 980 389 non
1017 345 1071 389 ad
1107 346 1277 390 arbores
1309 346 1544 401 silvestres,
1581 361 1676 390 cum

157 419 232 461 has
262 418 452 461 homines
483 433 567 460 non
598 423 749 460 serant.

277 501 472 558 Heynius
494 516 663 544 versum
692 517 793 559 „per
814 517 859 545 se
880 502 1165 560 praeclarum“
1184 501 1380 559 appellat,
1400 500 1636 545 Ribbeckio
1648 504 1676 557 1)

161 573 326 630 spurius
359 572 544 625 videtur,
581 574 680 629 quia
715 573 985 631 praecedenti
1021 574 1114 617 1000
1151 573 1411 627 adversetur,
1448 588 1531 630 quo
1562 572 1677 618 Ver-

159 644 282 700 gilius
326 643 379 686 de
416 644 498 686 illis
536 644 754 688 arboribus
791 645 995 702 loquitur,
1045 660 1152 702 quae
1195 646 1314 702 „opis
1357 645 1472 688 haud
1508 644 1675 702 indigae

158 720 351 757 nostrae“
372 715 467 757 sint.
505 714 592 758 Sed
612 730 696 758 non
719 716 823 759 dicit
842 722 981 773 poeta,
1001 716 1068 759 his
1090 716 1308 759 arboribus
1329 716 1486 759 nullam
1507 717 1676 760 omnino

160 801 300 827 curam
320 785 645 843 impendendam
665 802 771 840 esse,
799 786 875 830 sed
898 787 1070 830 simulac
1091 793 1206 830 satae
1228 792 1271 829 et
1291 792 1447 830 certam
1468 787 1678 845 quandam

159 862 338 899 aetatem
359 863 608 901 consecutae
640 858 736 912 sint,
767 865 857 901 tum
887 858 1066 916 primum
1088 858 1304 901 hominum
1325 873 1424 901 cura
1445 873 1515 902 eas
1537 873 1676 902 carere

156 943 293 985 posse.
354 929 405 971 cf.
437 945 476 972 v.
508 931 607 973 422.

330 1012 438 1055 Cum
470 1013 600 1056 semel
630 1013 856 1057 haeserunt
886 1014 998 1057 arvis
1030 1010 1234 1072 aurasque
1265 1014 1453 1057 tulerunt

276 1084 377 1138 (scil.
408 1100 494 1126 non
526 1091 773 1142 exspectant
802 1086 931 1128 falces
962 1091 1202 1142 rastrosque
1234 1085 1418 1140 tenacis.)
1449 1100 1489 1127 v.
1522 1086 1621 1128 426.

330 1155 393 1198 Ut
422 1156 604 1212 primum
634 1162 805 1199 truncos
838 1172 1007 1200 sensere
1038 1157 1219 1200 valentis

276 1226 376 1279 (scil.
413 1227 458 1269 vi
494 1227 666 1284 propria
702 1228 893 1269 nituntur
929 1228 1106 1284 opisque
1148 1227 1261 1270 haud
1304 1226 1448 1283 indiga
1483 1230 1678 1281 nostrae).

274 1308 421 1353 Versu
458 1312 558 1353 433.
595 1325 680 1352 non
718 1310 874 1353 omisso
910 1310 1015 1353 haec
1051 1315 1117 1353 est
1151 1309 1234 1352 loci
1271 1309 1497 1352 sententia:
1548 1307 1678 1362 Quid,

156 1394 251 1420 cum
282 1379 450 1423 adultae
482 1381 653 1423 arbores
691 1381 781 1423 sine
813 1381 897 1423 ulla
927 1381 1143 1423 hominum
1174 1395 1274 1422 cura
1303 1379 1550 1422 utilissimae
1582 1379 1677 1432 sint,

156 1452 253 1504 (431
289 1454 365 1508 sq.)
404 1452 476 1509 qui
512 1458 603 1494 tum
639 1451 830 1495 homines
868 1444 1084 1506 dubitent,
1120 1467 1295 1510 parvam
1332 1450 1500 1494 serendi
1537 1466 1679 1493 curam

155 1522 427 1579 impendere?
486 1524 685 1578 Accedit,
725 1523 858 1581 quod,
901 1524 938 1566 si
973 1523 1194 1580 Vergilius
1236 1537 1408 1566 versum
1445 1524 1544 1566 433.
1593 1537 1679 1564 non

157 1595 409 1651 scripsisset,
442 1611 565 1638 nemo
597 1595 881 1639 desiderasset
912 1594 1142 1652 quidquam
1149 1612 1161 1649 3
1192 1609 1290 1637 nam
1320 1594 1447 1637 etiam
1478 1594 1567 1637 sine
1597 1593 1679 1637 hoc

157 1680 283 1707 versu
314 1666 445 1709 totius
476 1667 558 1709 loci
590 1668 799 1710 sententia
819 1673 918 1724 apta
939 1672 1063 1710 esset.
1108 1663 1208 1718 Qua
1234 1681 1280 1708 re
1305 1680 1455 1708 versus
1486 1680 1571 1708 non
1608 1680 1679 1708 su-

157 1742 327 1793 spectus
358 1738 416 1791 fit,
448 1737 525 1781 sed
557 1738 809 1782 defenditur.
859 1738 959 1781 Non
982 1737 1197 1781 dissimilis
1219 1742 1285 1780 est
1315 1735 1444 1779 dictio
1465 1735 1573 1779 Aen.
1595 1735 1679 1781 VI.

157 1809 262 1850 806:
294 1808 354 1850 Et
385 1808 626 1852 dubitamus
658 1810 795 1852 adhuc
816 1811 973 1853 virtute
995 1809 1223 1852 extendere
1244 1809 1369 1851 vires.
1421 1808 1521 1859 Quo
1554 1822 1679 1851 versu

156 1878 211 1932 is,
249 1878 302 1923 de
341 1896 425 1937 quo
457 1881 639 1938 agimus,
678 1880 937 1935 defenditur,
973 1895 1111 1938 neque
1149 1880 1255 1934 scio,
1293 1875 1504 1937 quomodo
1541 1878 1680 1936 putari

154 1952 303 2007 possit,
334 1952 414 1994 hoc
445 1968 573 1995 versu
605 1960 861 1995 commotum
892 1968 985 1995 esse
1016 1941 1360 2008 interpolatorem
1380 1949 1602 2007 quendam,
1631 1956 1680 1992 ut

154 2022 196 2065 in
228 2024 435 2081 georgicis
467 2024 646 2067 similem
678 2040 847 2068 versum
878 2023 1089 2068 subderet.

273 2107 425 2164 Neque
463 2108 602 2150 minus
646 2107 692 2150 id
729 2122 897 2164 quoque
934 2105 1246 2164 respiciendum
1283 2110 1367 2158 est,
1409 2110 1458 2146 ut
1499 2105 1543 2146 in
1586 2105 1679 2147 aliis

154 2178 369 2221 codicibus
407 2179 468 2221 ita
503 2180 547 2221 in
584 2178 783 2222 Mediceo
827 2193 995 2235 quoque
1039 2177 1275 2235 complures
1313 2191 1461 2219 versus
1501 2175 1679 2219 omissos

154 2264 259 2292 esse.
311 2250 421 2292 Aen.
442 2249 503 2292 II.
526 2252 612 2293 418
635 2250 677 2291 in
699 2249 899 2292 Mediceo
921 2264 946 2291 a
965 2264 1092 2291 manu
1113 2248 1249 2306 prima
1269 2248 1451 2304 scriptus
1472 2262 1557 2304 non
1579 2253 1680 2300 erat,

153 2321 323 2364 additus
362 2328 428 2365 est
464 2338 490 2365 a
520 2338 646 2364 manu
676 2321 910 2364 recentiore
947 2321 1081 2364 literis
1118 2319 1256 2363 rubris
1294 2334 1371 2384 usa
1400 2318 1484 2361 ima
1513 2318 1705 2377 pagina„

152 2392 254 2435 item
285 2394 393 2436 Aen.
424 2393 533 2436 XII.
564 2396 664 2437 499.

271 2477 379 2518 Aen.
398 2477 508 2521 VII.
530 2479 584 2519 41
610 2477 710 2520 olim
731 2476 878 2529 defuit,
899 2476 943 2518 in
963 2475 1150 2533 margine
1171 2481 1321 2533 postea
1340 2473 1577 2533 adscriptus
1600 2480 1679 2518 est.

273 2663 306 2709 ¹)
330 2664 468 2711 proleg.
496 2664 611 2701 critic.
638 2676 672 2711 p.
697 2663 752 2700 49.
