1826 3152
878 141 930 191 17

143 276 272 332 bium,
304 278 384 322 etsi
416 279 505 322 eius
531 277 667 321 codex
687 293 831 321 veram
859 278 1083 321 lectionem
1112 275 1344 334 praeberet,
1374 275 1411 318 si
1440 274 1550 317 forte
1580 269 1663 316 loci

143 349 380 405 Homerici,
422 365 547 408 quem
577 350 797 408 Vergilius
828 349 1015 393 imitatus
1046 353 1147 402 erat,
1177 347 1448 400 meminisset,
1478 344 1665 402 Vergilii

143 427 308 465 textum
337 422 567 464 Homerico
598 421 884 464 adsimulasse.

202 493 311 537 Aen.
342 492 426 536 IX.
460 495 557 537 328.

358 563 446 608 Sed
475 579 562 609 non
592 564 764 622 augurio
795 564 935 622 potuit
965 561 1176 621 depellere
1207 567 1382 620 pestem.

143 636 198 679 In
230 636 440 679 Macrobii
470 636 663 679 Parisino
693 635 872 693 legimus
902 640 1011 678 teste
1041 633 1376 692 Eyssenhardtio
1408 636 1498 691 (sat.
1529 634 1589 680 V.
1623 636 1662 690 9,

147 710 216 763 10)
246 708 321 750 sed
349 722 442 750 non
471 707 678 763 auyuriis
707 712 882 764 propter
910 707 1038 749 Hom.
1068 706 1120 749 11.
1150 706 1211 749 Π.
1244 708 1312 749 59.

347 773 469 823 ’Ἀλλ’
496 775 575 827 οὐκ
605 775 822 824 οἰωνοῖσιν
853 776 1060 839 ἐρύσσατο
1087 780 1212 839 Κῆρα
1241 777 1459 836 μέλαιναν.

203 849 311 891 Aen.
341 848 426 891 IX.
461 849 557 892 767.

358 918 700 976 Alcandrumque
715 918 989 976 'Haliumque
1011 918 1314 976 Noemonaque
1335 919 1663 978 Prytanimque3

145 1004 229 1048 quo
260 990 355 1032 loco
386 990 643 1044 Macrobius,
674 996 750 1033 sat.
780 990 841 1035 V.
865 991 931 1032 17.
965 991 1017 1031 17
1050 987 1235 1047 propter*
1252 989 1380 1032 Hom.
1411 990 1462 1033 Π.
1482 991 1543 1036 V.
1565 993 1664 1035 678.

353 1058 621 1123 ’Ἁλκανόρόν
650 1059 697 1107 θ’
725 1060 878 1107 Ἅλιόν
906 1079 953 1107 τε
983 1060 1190 1122 Νοήμονά
1218 1080 1265 1107 τε
1294 1052 1512 1123 Πρύτανίν
1541 1082 1588 1109 τε

146 1148 343 1191 graecam
372 1134 553 1177 nominis
574 1133 750 1177 formam
771 1133 998 1190 Prytanin
1017 1148 1095 1191 pro
1115 1133 1245 1176 latina
1265 1134 1504 1190 Prytanim
1524 1134 1663 1178 tradit.

205 1205 314 1248 Aen.
345 1205 430 1248 IX.
464 1207 561 1248 782.

357 1276 479 1329 Quos
511 1275 617 1319 alios
645 1289 801 1328 muros,
831 1289 938 1332 quae
968 1274 1052 1317 iam
1081 1275 1191 1318 ultra
1219 1276 1385 1319 moenia
1413 1276 1605 1320 habetis?

264 1348 353 1399 Qui
382 1363 531 1390 versus
563 1348 607 1389 in
628 1347 849 1400 Macrobii,
880 1352 956 1389 sat.
976 1346 1036 1391 V.
1060 1350 1097 1390 9.
1122 1350 1189 1401 14,
1219 1347 1445 1402 codicibus,
1476 1350 1663 1406 exceptis

145 1417 445 1472 deterioribus,
489 1418 550 1461 sic
585 1417 756 1475 legitur:
826 1418 942 1470 Quos
979 1419 1090 1461 alios
1126 1433 1277 1462 muros
1314 1423 1395 1462 aut
1430 1434 1540 1476 quae
1570 1421 1664 1463 iam

144 1490 320 1533 moenia
350 1490 570 1545 habetis&
602 1488 747 1533 addita
775 1490 980 1548 particula
1009 1494 1106 1546 aut,
1144 1505 1240 1533 cum
1275 1490 1519 1535 Macrobius
1550 1491 1664 1550 apud

144 1561 392 1615 Homerum,
422 1560 474 1604 Π.
504 1561 612 1607 XV.
647 1563 730 1605 735
763 1576 837 1618 sq„
867 1556 917 1622 ἦε
945 1561 1171 1605 invenerit:

353 1628 434 1676 Ἦέ
462 1631 583 1685 τινάς
613 1649 755 1692 φαμεν
784 1629 895 1677 εἶναι
927 1630 1195 1693 ἀοσσητῆρας
1226 1631 1413 1690 ὀπίσσω,

352 1698 434 1748 ἲΗέ
462 1721 507 1748 τι
537 1707 673 1759 τεῖχος
703 1699 857 1763 ὄρειον,
891 1700 916 1748 ὅ
945 1700 982 1748 κ’
1018 1700 1197 1764 ἀνδράσι
1228 1704 1371 1763 λοιγὸν
1402 1702 1585 1763 ἀμύναις

203 1774 313 1818 Aen.
343 1772 403 1819 X.
439 1776 535 1817 100.

357 1844 469 1887 Tum
498 1850 619 1901 pater
650 1845 929 1902 omnipotens,
959 1860 1098 1888 rerum
1129 1846 1196 1888 cui
1226 1845 1361 1903 prima
1389 1851 1580 1904 potestas

359 1914 472 1959 Infit.

144 1985 336 2031 Macrob.
367 1992 443 2030 sat.
474 1985 561 2032 VI.
594 1989 632 2030 2.
665 1988 733 2029 26.
763 1992 937 2045 propter
965 1986 1095 2032 Hom.
1129 1986 1212 2030 Od.
1243 1987 1303 2032 V.
1337 1990 1374 2031 3.
1406 2002 1467 2046 sq.

364 2057 418 2105 Οἳ
448 2059 498 2105 δὲ
525 2059 628 2105 θεοὶ
658 2057 855 2105 θῶκόνδε
885 2058 1131 2116 καθίζανον,
1164 2059 1207 2104 ἐν
1231 2056 1268 2105 δ’
1292 2055 1376 2120 ἷίρα
1406 2065 1546 2106 τοῖσιν

358 2129 468 2184 Ζεὺς
499 2126 800 2191 ὑψιβρεμέτης,
832 2123 930 2175 οὗτε
959 2122 1114 2190 κράτος
1144 2131 1235 2174 ἐστὶ
1264 2131 1476 2189 μέγιστον.

145 2218 324 2250 smwma
349 2210 543 2264 potestas
574 2205 706 2261 sribst,
736 2204 851 2263 quod
881 2204 1050 2263 quidem
1080 2205 1124 2248 in
1144 2205 1337 2249 Palatino
1364 2220 1531 2265 quoque
1561 2206 1666 2266 legi-

145 2282 227 2332 tur,
257 2276 335 2321 sed
364 2293 442 2336 pro
472 2278 611 2321 minus
642 2278 798 2321 usitato
824 2278 979 2334 prima
1008 2277 1304 2334 interpolatum
1334 2277 1515 2322 videtur.

263 2347 506 2391 Secundum
551 2347 840 2391 Romanorum
881 2353 1028 2405 poetas
1072 2348 1266 2404 antiquos
1309 2348 1493 2406 Vergilii
1537 2351 1668 2394 verba

145 2420 334 2467 mutavit,
355 2419 601 2463 Macrobius
631 2419 747 2463 hisce
777 2418 894 2462 locis.

206 2518 246 2562 g.
276 2502 337 2548 Π.
370 2504 467 2547 246.
499 2517 562 2562 sq.

359 2588 423 2631 At
453 2602 580 2652 sapor
610 2585 814 2630 indicium
842 2586 969 2631 faciet
998 2586 1245 2631 manifestus
1277 2594 1321 2631 et
1350 2603 1425 2632 ora

359 2660 519 2703 Tristia
548 2663 830 2717 temptantum
860 2673 988 2702 sensu
1016 2659 1230 2717 torquebit
1260 2675 1433 2704 amaror.

263 2730 510 2776 Macrobius
516 2764 530 2789 ‚
569 2736 647 2776 sat.
682 2729 769 2777 VI.
809 2732 847 2774 1.
878 2732 948 2787 47,
985 2731 1250 2776 substantivo
1293 2746 1472 2776 amaror
1507 2738 1671 2778 remoto

1438 2816 1462 2857 2
