1826 3152
905 97 932 147 8

283 237 333 278 cf.
371 236 455 279 Ov.
484 236 579 279 fast.
609 235 695 277 ΠΙ.
727 237 796 278 20.
827 233 940 276 cadit
969 249 995 277 a
1023 239 1166 277 mento
1197 249 1358 277 manus.
1421 234 1559 276 Plaut.
1595 234 1680 277 mil.

167 309 292 350 1151.
313 308 562 350 Maxumum
576 306 778 364 periclum
797 304 897 348 inde
919 321 1012 348 esse
1033 305 1086 349 ab
1108 321 1271 349 summo
1291 321 1345 349 ne
1360 320 1526 349 rursum
1541 305 1679 349 cadas.

281 377 464 419 Martial.
494 376 577 418 XI.
611 378 680 419 50.
711 378 751 418 4.
783 375 964 419 Gemma
994 392 1019 419 a
1049 376 1183 434 digito
1214 376 1339 420 cadit.

162 449 270 491 Plin.
300 448 354 491 N.
385 448 443 490 H.
473 447 532 490 X.
565 449 633 490 38.
666 448 733 490 54.
771 446 920 490 cadere
957 448 1010 491 ab
1047 449 1143 492 alto.

281 519 390 561 Cum
424 524 642 575 praeterea
677 517 861 560 dubitari
896 534 982 561 non
1017 521 1172 576 possit,
1209 521 1311 577 quin
1346 520 1479 568 multo
1515 519 1678 562 facilius

159 590 345 647 potuerit
364 589 464 642 fieri,
495 593 543 631 ut
573 589 666 636 ain
693 590 744 632 de
763 594 996 632 mutaretur
1025 590 1051 633 i.
1074 605 1109 633 e.
1140 590 1270 634 dictio
1290 591 1428 634 minus
1459 591 1615 634 usitata
1634 590 1678 633 in

159 661 419 704 usitatiorem
440 675 564 717 quam
585 661 636 703 de
655 660 701 702 in
721 675 762 715 a,
793 660 897 703 mihi
917 661 1165 718 persuadeo,
1195 662 1435 705 Palatinum
1454 662 1577 706 nobis
1597 661 1679 704 hoc

157 733 263 785 loco,
294 731 408 788 quod
437 737 589 789 poetae
619 747 768 775 manus
800 733 1036 790 scripserat,
1066 732 1242 777 tradere.

787 861 870 906 ecl.
902 862 938 906 I.
972 859 1044 907 59.

335 942 451 985 Ante
483 943 592 985 leves
624 957 721 999 eryo
746 947 988 999 pascentur
1017 944 1070 986 in
1100 944 1267 987 aethere
1298 944 1425 999 cervi,

334 1014 397 1055 Et
425 1014 541 1069 freta
571 1015 809 1057 destituent
836 1016 979 1057 nudos
1009 1016 1062 1057 in
1093 1016 1216 1057 litore
1240 1016 1407 1071 pisces,-

334 1084 450 1127 Ante
474 1085 718 1140 pererratis
749 1086 981 1128 amborum
1011 1086 1182 1141 finibus
1213 1087 1315 1128 exul

333 1156 429 1198 Aut
456 1156 643 1198 Ararim
674 1156 869 1199 Parthus
902 1157 1014 1199 bibet
1042 1161 1124 1199 aut
1160 1157 1402 1199 Germania
1436 1157 1614 1212 Tiyrim.

273 1254 313 1281 v.
347 1240 415 1281 59.
446 1238 485 1280 Ρ
514 1238 557 1280 R
588 1253 613 1280 a
642 1238 670 1281 b
702 1252 742 1280 c:
774 1239 954 1281 aethere.

272 1309 525 1352 Moretanus
557 1314 731 1365 quartus
763 1314 807 1351 et
835 1309 966 1352 Probi
996 1309 1233 1354 Vaticanus
1265 1325 1306 1352 c:
1339 1324 1534 1365 aequore.

271 1380 371 1423 Hoc
400 1380 495 1423 loco
516 1379 716 1438 permulti
747 1379 827 1423 viri
849 1379 963 1422 docti
985 1385 1028 1423 et
1047 1380 1241 1423 Romano
1270 1386 1314 1423 et
1332 1380 1526 1423 Palatino
1548 1379 1677 1423 diffisi

151 1454 295 1496 nescio
317 1469 369 1495 an
392 1458 544 1495 errent.
581 1452 725 1494 Primo
747 1450 951 1509 adspectu
972 1467 1156 1508 aequore
1176 1453 1325 1495 melius
1346 1451 1528 1495 videtur.
1565 1452 1677 1495 Nam

152 1526 189 1568 si
219 1525 371 1582 pisces,
403 1522 520 1581 quod
550 1523 612 1565 eis
643 1528 792 1565 natura
821 1522 1096 1566 habitandum
1127 1523 1259 1576 dedit,
1295 1524 1401 1566 mari
1432 1522 1581 1566 cedere
1613 1523 1677 1566 di-

152 1592 320 1649 cuntur,
359 1596 487 1638 etiam
518 1609 686 1648 cervos,
722 1609 818 1636 cum
853 1600 1008 1637 terram
1045 1595 1106 1637 eis
1144 1609 1387 1637 concessam
1423 1595 1676 1652 relinquunt,

150 1668 195 1710 in
225 1682 339 1710 mare
372 1682 418 1709 se
451 1681 546 1709 esse
577 1666 838 1709 immissuros
871 1668 1176 1723 exspectamus.

269 1737 356 1782 Sed
386 1736 433 1780 id
462 1736 775 1795 respiciendum
806 1743 883 1791 est,
915 1738 1042 1780 etiam
1071 1737 1241 1794 populis
1272 1753 1315 1782 v.
1346 1739 1401 1780 62
1433 1726 1679 1781 memoratis*

147 1825 233 1853 non
253 1815 442 1853 mutuam
464 1808 631 1852 sedium
650 1809 1002 1866 permutationem
1021 1809 1161 1863 tribui,
1193 1808 1269 1852 sed
1298 1809 1485 1865 singulos
1510 1814 1675 1851 tantum

148 1881 232 1924 dici
263 1882 365 1924 alias
397 1895 600 1938 quaerere
621 1879 756 1922 sedes.
807 1880 908 1922 Non
940 1880 1052 1923 enim
1082 1886 1148 1923 est
1168 1881 1280 1923 Arar
1301 1880 1565 1934 Germaniae,
1597 1880 1674 1924 sed

148 1952 312 1996 Galliae
343 1967 482 2009 neque
513 1951 654 2008 Tigris
685 1950 937 1994 Parthorum
967 1956 1102 1994 terrae
1134 1952 1301 2006 fluvius,
1339 1951 1416 1995 sed
1447 1952 1537 1995 eius
1568 1953 1673 1995 fines

145 2030 310 2067 tantum
340 2023 613 2081 praeterfluit.

265 2094 398 2147 Quod
428 2094 466 2137 si
485 2093 657 2137 Keilius
688 2108 772 2137 non
800 2093 1067 2150 neglexisset,
1097 2109 1183 2138 non
1205 2093 1503 2152 scripsisset¹):
1534 2093 1672 2148 „Dass

146 2182 191 2209 es
224 2168 435 2223 (aequore)
467 2164 543 2208 das
575 2165 773 2222 Richtige
804 2165 878 2218 ist,
915 2166 1026 2222 zeigt
1056 2165 1125 2209 die
1155 2166 1477 2223 Vergleichung
1505 2166 1584 2208 mit
1615 2167 1671 2210 63

144 2237 232 2280 und
264 2239 321 2280 64
360 2239 394 2292 (ἱ)
426 2238 495 2290 61,
528 2238 612 2292 62).
683 2236 782 2281 Wie
821 2235 917 2279 dort
952 2253 1039 2280 von
1076 2238 1192 2281 einer
1227 2237 1561 2295 Vertauschung
1596 2237 1674 2281 der

143 2308 396 2351 Wohnsitze
433 2307 644 2351 zwischen
679 2307 888 2350 Parthern
931 2307 1020 2350 und
1057 2308 1298 2352 Germanen
1336 2308 1405 2351 die
1442 2308 1564 2352 Rede
1601 2309 1673 2363 ist,

144 2395 192 2423 so
230 2380 338 2423 auch
373 2379 466 2423 hier
501 2379 712 2424 zwischen
748 2378 963 2422 Hirschen
999 2379 1088 2423 und
1123 2380 1344 2424 Fischen.“
1403 2380 1672 2438 Quamquam

144 2452 181 2494 si
211 2466 396 2507 aequore
433 2466 458 2493 a
487 2451 686 2509 Vergilio
724 2451 928 2508 scriptum
964 2465 1057 2493 esse
1095 2457 1324 2505 constaret,
1360 2466 1445 2494 non
1483 2466 1672 2494 curarem

142 2522 246 2566 haec
276 2522 421 2566 tenuia
441 2521 694 2576 discrimina,
726 2537 821 2565 cum
841 2522 1023 2565 Parthos
1053 2522 1239 2566 omnium
1258 2523 1402 2577 Asiae,
1433 2522 1670 2567 Germanos

241 2686 272 2730 1)
296 2685 474 2733 Philolog.
501 2686 552 2723 11.
578 2686 656 2722 166.
