1826 3152
895 160 951 207 23

745 306 791 349 g.
823 292 901 338 111.
934 290 1019 338 565
1052 305 1118 350 sq.

731 377 810 406 nee
840 364 963 420 lonyo
992 363 1146 406 deinde
1176 361 1372 405 moranti

381 434 584 490 Tempore
614 438 854 477 contractos
884 439 1010 478 artus
1039 449 1161 478 sacer
1189 435 1309 490 iynis
1339 434 1498 478 edebat.

281 563 336 607 P:
359 568 622 618 eontraet08,·
655 581 696 623 y:
719 519 956 618 combam,-
989 563 1041 607 M
1060 564 1119 607 R:
1148 567 1376 607 contactos.
1411 563 1680 621 Quamquam

163 636 406 678 confirmare
442 635 559 689 nolo,
601 650 686 678 non
724 650 816 679 esse
853 635 1045 689 dubium,
1088 635 1189 692 quin
1224 635 1441 678 Palatinus
1480 635 1680 692 optimam

161 707 386 750 lectionem
404 708 614 765 praebeat,
644 713 785 750 tamen
804 706 1115 751 admonendum
1146 712 1211 750 est
1241 706 1294 750 de
1325 713 1428 750 nota
1456 707 1528 749 illa
1548 707 1679 765 scrip-

163 783 302 821 torum
322 778 624 822 consuetudine
644 779 776 822 verba
794 779 960 822 attrahi
987 779 1196 835 (adduci),
1229 779 1431 821 contrahi
1450 777 1504 821 de
1524 778 1679 835 frigore

162 855 235 892 aut
271 850 406 893 calore
442 850 732 908 usurpantium
767 855 816 892 ut
850 865 889 907 g.
918 849 1004 892 ΠΙ.
1035 852 1134 893 483.
1175 848 1268 903 ,sed
1305 849 1378 892 ubi
1420 850 1545 906 ignea
1587 850 1679 893 sitis

162 921 337 964 miseros
368 920 601 965 adduxerat
631 925 769 965 artus‘.

282 991 440 1035 Sensus
471 998 585 1035 esset
612 993 699 1035 hic:
731 1007 849 1035 sacer
877 992 987 1048 ignis
1018 996 1133 1034 artus
1163 996 1251 1034 tam
1276 992 1548 1035 vehementer
1579 992 1678 1035 ede-

161 1062 246 1116 bat,
276 1068 325 1105 ut
354 1063 707 1107 contraherentur.

282 1133 329 1176 Si
349 1134 598 1190 quaerimus,
628 1140 723 1177 utra
741 1134 866 1177 lectio
892 1134 1031 1176 minus
1053 1138 1197 1191 aperta
1217 1134 1284 1187 sit,
1312 1127 1494 1191 ideoque
1514 1135 1678 1178 facilius

161 1205 314 1247 mutari
343 1205 539 1262 potuerit,
569 1219 655 1247 non
686 1210 752 1247 est
772 1204 957 1258 dubium,
989 1204 1091 1261 quin
1112 1209 1351 1248 contractos
1371 1206 1511 1248 minus
1533 1205 1680 1248 diluci-

163 1276 265 1318 dum
301 1276 357 1318 sit
393 1291 518 1333 quam
555 1280 782 1319 contactos.
860 1276 1109 1319 C'ontraetos
1144 1281 1318 1334 propter
1353 1277 1568 1334 prolepsin
1604 1277 1679 1320 ad·

162 1347 338 1391 hibitam
375 1347 554 1391 fortasse
590 1347 747 1404 legenti
789 1346 956 1390 cuidam
998 1362 1137 1390 errore
1181 1347 1383 1406 scriptum
1424 1348 1562 1392 visum
1600 1355 1680 1392 est.

162 1419 307 1471 Quare
343 1419 485 1462 nescio
522 1434 576 1462 an
605 1418 865 1462 Ribbeckius
901 1418 1056 1462 rectius
1092 1418 1277 1462 facturus
1314 1419 1458 1474 fuerit,
1496 1420 1533 1462 si
1570 1435 1672 1463 eon-

165 1493 322 1534 tractos
351 1490 592 1549 recepisset.

778 1612 825 1655 g.
857 1598 932 1642 lv.
964 1594 1068 1641 331.

387 1679 471 1723 Ure
500 1682 599 1723 sata
629 1683 670 1723 et
698 1680 860 1723 duram
889 1678 942 1721 in
972 1678 1076 1721 vitis
1106 1678 1258 1721 molire
1290 1678 1534 1736 bipennem.

280 1811 319 1853 P
338 1811 380 1854 R
400 1828 425 1870 y
444 1811 472 1855 b
493 1826 533 1854 c:
571 1811 788 1864 validam,·
826 1810 896 1854 M:
934 1751 1094 1854 dqicZZciiZn
1123 1809 1383 1853 Ribbeckius
1421 1810 1582 1854 duram
1611 1826 1677 1854 re-

163 1882 294 1940 cepit,
324 1896 422 1924 nam
452 1881 492 1923 ei
522 1882 718 1925 validam
748 1897 802 1925 ex
831 1882 939 1924 Aen.
969 1881 1054 1923 XI.
1087 1882 1186 1926 651.

377 1953 503 1997 Nunc
532 1953 718 1998 validam
747 1953 897 1998 dextra
925 1953 1036 2012 rapit
1065 1952 1277 1996 indefessa
1305 1952 1530 2011 bipennem

163 2024 461 2083 interpolatum
492 2024 673 2068 videtur.

280 2096 479 2155 Wagner,
508 2102 557 2140 ut
587 2102 631 2141 et
660 2098 855 2141 validam
885 2102 929 2140 et
958 2097 1119 2140 duram
1155 2095 1341 2154 epitheta
1377 2110 1472 2139 cum
1507 2097 1676 2141 nomine

165 2169 398 2226 bipennem
426 2168 545 2225 iungi
573 2184 701 2227 posse
732 2168 939 2222 ostendat,
969 2168 1132 2211 confert
1161 2168 1269 2210 Aen.
1299 2167 1360 2210 H.
1391 2169 1491 2211 479.

375 2239 477 2298 Ipse
507 2240 617 2283 inter
644 2240 802 2298 primos
834 2245 1026 2298 correpta
1055 2238 1160 2282 dura
1189 2239 1360 2296 bipenni

376 2310 543 2353 Limina
572 2311 816 2368 perrumpit.

282 2380 386 2434 Sed,
428 2381 639 2437 quomodo
674 2381 720 2423 hi
756 2392 903 2424 versus
940 2380 1246 2434 demonstrent,
1287 2381 1514 2439 bipennem
1551 2384 1679 2427 etiam

163 2452 310 2496 duram
339 2451 551 2510 appellari,
581 2467 666 2494 non
696 2452 907 2510 intellego,
936 2467 1035 2495 nam
1066 2453 1180 2494 dura
1199 2457 1372 2510 propter
1391 2459 1573 2498 metrum
1592 2470 1677 2499 non

162 2522 217 2565 ad
249 2524 431 2581 bipenni
460 2522 538 2571 sed
567 2522 622 2565 ad
653 2524 814 2566 limina
842 2523 1108 2566 referendum
1139 2528 1215 2565 est.

280 2593 417 2637 Immo
447 2593 541 2636 illos
572 2608 720 2637 versus
742 2592 1028 2637 demonstrare
1057 2599 1174 2652 put0,
1204 2593 1450 2638 Mediceum
1475 2596 1560 2639 'hoc
1587 2597 1681 2641 loco

162 2666 459 2724 interpolatum
479 2680 583 2709 esse.
628 2665 827 2708 Fortasse
847 2666 1121 2723 interpolator
1139 2664 1294 2719 ,‚dura“
1323 2667 1555 2712 ablativum
1585 2685 1679 2713 esse

163 2743 207 2783 et
236 2736 290 2783 de
320 2737 492 2797 bipenni
523 2736 606 2781 dici
635 2742 750 2782 ratus
780 2736 973 2781 hocloco
995 2738 1346 2798 suprascripserat
1371 2739 1416 2783 in
1437 2740 1681 2800 archetypo.
