1826 3152
891 156 943 209 11

156 308 260 339 non:
304 292 524 338 dimidium
560 293 655 342 viae
694 295 853 340 emensi
896 309 1072 337 eramus.
1159 293 1269 335 Nam
1313 293 1490 336 verbum
1533 289 1675 337 ἀνύειν

156 382 282 424 saepe
313 367 427 410 idem
460 368 692 423 significare
724 382 772 409 ac
804 367 1009 423 consequi
1038 365 1330 410 demonstrant
1359 364 1404 409 hi
1433 363 1528 408 loci.

275 437 404 497 Soph.
434 438 504 481 Ai.
538 439 635 481 608.

488 509 552 555 ἔτι
582 511 638 567 μέ·
666 507 767 555 ποτ’
803 507 973 555 ἀνύσειν

485 581 560 628 τὸν
590 578 848 643 ἀπότροπον
879 571 1056 643 ἀΐδηλον
1079 582 1242 626 Λῖὁαν.

275 653 420 710 Antig.
453 656 551 697 804.

487 724 561 771 τὸν
590 723 833 786 παγιοίτην
865 721 936 770 ὅθ’
972 721 1058 785 ὁρῶ
1087 722 1292 781 θάλαμον

485 794 599 857 τήνδ’
631 794 891 857 Ἀντιγόνην
922 793 1171 841 ἀνύτουσαν.

275 866 384 911 Oed.
417 866 508 911 Col.
543 868 669 911 1561.

724 975 734 984 .
759 975 768 983 .
793 975 802 983 .
827 975 837 983 .
860 939 1078 996 λίσσωμαι

488 1009 690 1071 ἕπιπόνῳ
720 1007 817 1072 μήτ’
853 1010 930 1055 ἐπὶ
954 1014 1158 1070 βαρυαχεῖ

486 1082 601 1135 ξένον
632 1081 830 1135 ἐξανύσαι

485 1151 604 1213 μόρῳ
634 1152 713 1196 τάν
742 1155 976 1212 παγιευθῆ
1006 1150 1124 1195 κάτω

486 1227 639 1284 νεκρῶν
667 1215 832 1269 ντλάκα.

273 1294 404 1337 Thuc.
425 1294 486 1337 II.
510 1297 577 1337 97.
601 1297 639 1337 2.
705 1294 770 1338 Τά
801 1295 879 1350 μὲν
908 1294 1023 1353 πρὸς
1053 1294 1284 1338 θάλασσαν
1314 1293 1501 1354 τοσαύτη
1533 1288 1595 1354 ἦν,
1628 1294 1674 1347 ἐς

153 1361 333 1426 ἤπειρον
353 1366 401 1410 δὲ
421 1362 514 1411 ἀπὸ
537 1364 771 1420 Βυζαντίου
794 1366 840 1420 ἐς
851 1364 1076 1420 Λαιαίους
1097 1365 1171 1410 καὶ
1186 1364 1262 1409 ἐπὶ
1277 1363 1495 1424 Στρυμόνα
1510 1362 1673 1425 ἡμερῶν

155 1433 277 1496 ἀνδρὶ
308 1433 471 1495 εὐζώνῳ
501 1440 630 1496 τριῶν
659 1436 734 1480 καὶ
765 1436 869 1481 δέκα
900 1433 1068 1481 ἀνύσαι.

272 1506 497 1550 Praeterea
528 1507 718 1550 conferas
750 1521 843 1549 cum
874 1506 955 1549 hoc
984 1507 1078 1550 loco
1109 1506 1216 1548 Aen.
1249 1504 1308 1549 V.
1342 1507 1379 1548 1.

367 1578 538 1622 Interea
566 1578 753 1621 medium
782 1578 951 1621 Aeneas
981 1579 1065 1621 iam
1096 1577 1227 1620 classe
1259 1577 1429 1621 tenebat

369 1648 521 1693 Certus
552 1650 643 1693 iter.
712 1693 715 1696 ,
1204 1701 1206 1703 q

272 1721 418 1764 Voces
456 1722 560 1763 hinc
597 1727 640 1763 et
676 1722 746 1763 hie
789 1721 833 1762 in
870 1721 1084 1763 codicibus
1122 1720 1366 1776 saepissime
1409 1727 1670 1778 permutatae

155 1796 264 1844 sunt,
295 1805 432 1848 neque
464 1805 629 1848 semper
657 1790 779 1833 facile
810 1795 886 1840 est,
922 1805 1066 1833 veram
1095 1791 1201 1833 falsa
1229 1792 1408 1834 lectione
1440 1792 1671 1835 dinoscere.

718 1924 763 1975 Gr.
795 1924 851 1971 II.
884 1922 985 1969 426.
1019 1938 1112 1982 sqq.

184 2030 283 2071 426.
315 2029 455 2072 Poma
485 2043 666 2085 quoque,
698 2032 751 2071 ut
773 2029 979 2085 primum
1011 2033 1187 2073 truncos
1217 2045 1385 2073 sensere
1416 2032 1605 2073 valentes

184 2101 283 2142 427.
314 2099 377 2142 Et
405 2100 520 2142 vires
550 2101 736 2143 habuere
766 2116 884 2155 suas,
917 2102 975 2144 ad
1003 2102 1148 2144 sidera
1178 2102 1344 2157 raptim

183 2172 283 2213 428.
325 2171 379 2212 Vi
401 2172 591 2227 propria
620 2172 834 2214 nituntur
864 2173 1044 2228 opisque
1074 2173 1195 2215 haud
1223 2173 1377 2227 indiqu
1407 2176 1594 2215 nostrae.

184 2243 283 2285 433.
316 2241 379 2284 Et
407 2242 616 2284 dubitant
644 2243 841 2285 homines
871 2257 1009 2285 serere
1039 2247 1167 2300 atque
1186 2244 1434 2298 impendere
1455 2245 1639 2285 euram?

183 2314 283 2356 429.
313 2313 403 2355 Nee
433 2314 587 2356 minus
616 2315 784 2357 interea
814 2314 909 2370 fetu
938 2329 1096 2357 nemus
1127 2329 1252 2357 omne
1280 2315 1495 2370 yravesez't

184 2385 283 2427 430.
317 2383 671 2441 Sanquineisque
699 2386 871 2429 inculta
900 2385 1060 2427 rubent
1088 2385 1263 2427 aviaria
1290 2385 1423 2428 bacis.

184 2457 284 2497 431.
318 2455 570 2497 Tondentur
599 2458 742 2512 cytisi,
777 2458 919 2499 taedos
949 2458 1062 2499 silva
1093 2457 1184 2498 alta
1213 2456 1455 2511 ministrat,

184 2527 284 2569 432.
315 2526 653 2583 Pascunturque
682 2528 806 2584 iynes
836 2527 1046 2571 nocturni
1076 2531 1117 2569 et
1147 2528 1321 2569 lumina
1351 2526 1565 2582 fundunt.

272 2596 411 2640 Deest
442 2612 589 2640 versus
621 2601 721 2643 433.
754 2598 1044 2651 in=Mediceo,
1076 2597 1152 2640 sed
1182 2598 1379 2653 cognosci
1413 2604 1594 2655 possunt
1630 2600 1673 2642 in

154 2683 206 2711 eo
238 2667 470 2712 secundum
489 2668 749 2728 Wagnerum
765 2670 890 2730 signa
910 2668 1127 2730 quaedam,
1158 2669 1217 2714 ibi
1238 2669 1381 2717 versui
1407 2669 1546 2712 locum
1567 2685 1674 2730 esse,

153 2737 392 2784 indicantia.
