1826 3152
897 148 956 196 28

162 279 314 338 quibus
345 280 590 338 corporibus
627 279 802 324 deorum
832 286 877 324 et
905 281 1081 325 heroum
1122 281 1261 338 fulgor
1304 280 1476 377 quidam
1516 280 1682 326 lucidus

81 403 83 405 .
162 352 370 404 tribuitur,
401 352 542 394 attulit
572 352 777 409 Stephani
788 354 828 408 ¹)

280 422 385 468 Vox
415 437 546 466 saeva
575 429 665 467 tum
696 439 796 467 sane
827 439 911 467 non
943 430 1101 478 sextus,
1147 423 1223 467 sed
1256 424 1415 482 primus
1443 438 1565 466 casus
1597 427 1683 467 est:

164 507 291 536 saeva
320 499 479 537 terrore
512 494 726 552 Gorgonis
758 496 973 552 (Servius).

283 564 483 607 Ceterum
528 566 565 608 si
607 566 712 609 haec
755 568 979 624 explicatio
1029 583 1114 610 non
1157 566 1319 623 placet,
1368 565 1465 609 ideo
1514 566 1684 609 minime

164 635 362 690 cogimur,
395 637 527 679 limbo
549 638 743 681 scribere.
794 639 906 682 Nam
925 638 994 681 hic
1015 639 1133 681 locus
1154 638 1236 681 alio
1266 652 1400 694 eoque
1431 636 1685 694 elegantiore

162 705 289 748 modo
321 707 520 764 explicari
550 714 704 765 potest.

284 777 473 821 Servius·
495 780 646 823 nimbo
682 780 798 823 hisce
831 781 972 823 verbis
1003 781 1319 837 interpretatur:
1363 780 1490 823 Nube
1522 779 1684 822 divina:

163 853 229 889 est
260 849 372 891 enim
401 849 610 907 fulgidum
646 851 805 904 lumen,
842 866 926 908 quo
965 851 1140 894 deorum
1177 852 1316 908 capita
1345 851 1587 908 cinguntur:
1625 850 1686 892 sic

164 919 290 961 etiam
320 920 438 977 pingi
477 921 586 964 solet
593 939 604 975 ;
641 921 837 979 idemque
875 922 929 965 ad
966 922 1075 965 Aen.
1105 922 1192 965 HI.
1226 923 1329 965 587:
1367 921 1543 979 Proprie
1580 921 1687 963 nim-

162 989 242 1032 bus
274 996 351 1044 est,
382 992 455 1048 qui
486 992 661 1035 deorum
681 994 751 1036 vel
781 994 1076 1051 imperantium
1096 993 1234 1050 capita
1254 993 1374 1049 quasi
1404 992 1515 1035 clara
1534 992 1688 1035 nebula

164 1061 321 1103 ambire
353 1063 536 1119 fingitur.
596 1063 719 1106 Haec
750 1064 999 1121 significatio
1031 1079 1056 1106 a
1087 1063 1236 1106 Servio
1268 1063 1393 1105 allata
1423 1068 1467 1106 et
1496 1078 1522 1105 a
1552 1062 1687 1105 Goss-

163 1146 267 1174 ravo
276 1134 307 1187 2)
339 1138 466 1190 atque
488 1149 514 1176 a
534 1133 766 1191 Stephanio
775 1138 806 1191 3)
837 1135 1015 1193 probata
1035 1135 1252 1192 aptissima
1280 1134 1403 1188 foret,
1434 1134 1470 1177 si
1492 1133 1687 1177 Servium

164 1217 256 1244 eam
287 1209 401 1247 recte
433 1205 529 1247 voci
560 1205 692 1249 nimbi
722 1207 920 1250 tribuisse
952 1211 1174 1250 constaret.

281 1286 394 1329 Nam
409 1287 662 1341 Minervam,
684 1288 943 1331 Graecorum
964 1289 1185 1331 fautricem
1203 1288 1544 1344 adiutricemque,
1564 1303 1687 1341 nunc,

161 1354 235 1397 ubi
266 1356 438 1399 tandem
470 1373 561 1401 eam
591 1365 779 1416 gentem,
815 1374 899 1416 qua
934 1359 1092 1402 nullam
1127 1359 1260 1416 magis
1291 1363 1421 1412 amat,
1458 1358 1502 1401 in
1539 1359 1687 1402 urbem

161 1425 347 1469 hostium
378 1429 608 1485 perituram
638 1430 921 1472 introeuntem
950 1429 1082 1483 videt,
1113 1430 1339 1484 attributis,
1369 1436 1418 1472 ut
1447 1430 1507 1473 ita
1538 1429 1686 1484 dicam,

162 1503 356 1541 naturam
394 1515 534 1543 rerum
571 1501 833 1544 terrestrium
870 1500 1286 1544 transscendentibus
1323 1500 1557 1559 praeditam
1593 1516 1687 1544 esse

163 1575 342 1626 oportet.

221 1640 272 1683 cf.
302 1641 442 1685 locum
474 1643 730 1687 simillimum
760 1644 869 1687 Aen.
899 1644 1009 1687 ΧΠ.
1042 1646 1127 1687 808
1160 1659 1249 1701 sqq.

375 1714 467 1757 Ista
498 1715 670 1771 quidem
700 1716 800 1773 quia
829 1721 931 1758 nota
960 1715 1063 1758 mihi
1093 1721 1167 1758 tua
1195 1730 1347 1772 magna
1377 1714 1585 1768 voluntas,

376 1785 587 1844 Juppiter,
619 1793 663 1830 et
691 1787 882 1829 Turnum
913 1792 957 1830 et
986 1793 1119 1830 terras
1150 1786 1286 1829 invita
1315 1785 1465 1843 reliqui
1472 1802 1484 1839 3

376 1857 469 1899 Nee
500 1863 549 1899 tu
579 1873 647 1901 me
679 1859 791 1902 aeria
822 1858 954 1901 solam
985 1873 1096 1901 nunc
1128 1857 1229 1901 sede
1262 1856 1429 1901 videres

374 1924 519 1986 Digna
549 1928 723 1986 indigna
751 1930 853 1987 pati,
884 1928 962 1972 sed
991 1930 1194 1975 flammis
1226 1930 1382 1975 cineta
1412 1928 1491 1971 sub
1522 1928 1615 1986 ipsa

380 1999 546 2042 Starem
576 2001 665 2043 acie
697 2001 989 2057 traheremque
1020 2000 1189 2042 inimica
1218 2000 1263 2042 in
1299 2000 1460 2056 proelia
1488 1988 1688 2042 Teucros.

277 2080 376 2124 Hoc
396 2081 490 2125 loco
511 2081 541 2125 J
543 2097 626 2125 uno
648 2081 911 2137 describitur,
932 2097 1039 2140 quae
1059 2081 1236 2125 flammis
1258 2082 1395 2125 cincta
1414 2082 1459 2125 in
1479 2082 1573 2140 ipsa
1596 2082 1685 2126 acie

158 2152 367 2195 Troianos
399 2154 480 2197 sibi
511 2154 673 2197 invisos
705 2160 893 2208 terreret,
923 2155 1006 2197 nisi
1030 2154 1230 2212 Juppiter
1260 2159 1435 2198 vetaret.
1495 2154 1604 2197 Aen.
1625 2154 1686 2197 H.

160 2225 246 2267 615
269 2240 330 2282 sq.
362 2225 604 2269 Minervam
633 2226 779 2270 nimbo
810 2226 1083 2284 effulgentem
1113 2226 1158 2268 in
1188 2226 1283 2284 ipso
1307 2225 1460 2269 Troiae
1491 2224 1687 2269 incendio

156 2295 365 2339 Troianos
397 2302 627 2340 terrentem
656 2298 864 2342 videmus.

278 2450 310 2494 ¹)
336 2451 470 2487 Ludolf
493 2451 679 2497 Stephani,
704 2450 857 2487 Nimbus
881 2451 956 2487 und
971 2450 1258 2487 Strahlenkranz
1281 2449 1320 2486 in
1345 2450 1415 2486 den
1433 2448 1596 2486 Werken
1622 2449 1687 2486 der

155 2507 256 2545 alten
282 2509 412 2546 Kunst.
462 2509 654 2546 Memoires
685 2509 730 2546 de
753 2507 964 2546 l’academie
997 2508 1060 2545 des
1084 2507 1244 2545 sciences
1277 2507 1322 2544 de
1346 2508 1396 2544 St.
1422 2506 1684 2553 Petersbourg.

155 2568 219 2603 VI.
244 2568 347 2604 serie.
397 2568 565 2605 Sciences
589 2567 795 2615 politiques‚
828 2566 1000 2610 histoire,
1033 2565 1240 2613 philologia.
1274 2565 1313 2602 Τ.
1341 2565 1406 2603 ΙΧ.
1435 2565 1683 2612 Petersbourg

155 2625 256 2661 1859.
283 2637 314 2672 p.
343 2625 374 2661 3.
401 2636 455 2671 sq.

273 2684 308 2729 ²)
333 2684 378 2721 cf.
405 2684 484 2722 eius
509 2683 785 2721 adnotationem
809 2693 840 2719 a.
867 2682 899 2718 h.
927 2682 950 2719 l.

276 2742 311 2787 ³)
335 2742 523 2789 Stephani,
547 2743 570 2779 l.
596 2742 619 2779 l.
646 2754 679 2788 p.
705 2740 738 2776 4.
