1826 3152
891 162 946 215 ΒΞ

277 300 398 353 Quae
411 300 562 357 Henry
583 299 638 343 ad
658 300 883 344 lectionem
903 301 1035 344 limbo
1049 299 1358 344 defendendam
1374 299 1624 359 conscripsit
1634 300 1681 357 ¹),

157 388 242 415 non
272 378 358 414 tam
388 372 533 428 gravia
564 377 673 424 sunt,
704 378 752 414 ut
772 378 946 429 propter
967 388 1017 415 ea
1036 373 1206 415 lectioni
1236 373 1288 416 ab
1310 373 1504 416 omnibus
1526 372 1682 415 codici-

156 444 235 486 bus
278 442 456 485 traditae
500 441 776 500 praeferenda
826 443 881 485 sit
928 443 1054 486 lectio
1103 442 1218 485 nulla
1267 443 1437 485 omnino
1479 442 1682 485 librorum

156 514 535 570 manuscriptorum
560 514 807 556 auctoritate
828 515 991 557 firmata
998 531 1009 568 3
1040 530 1138 557 nam
1168 513 1283 571 quod
1314 514 1357 555 in
1378 514 1681 556 recentioribus

154 584 406 642 quibusdam
426 585 530 638 aliis,
561 584 812 627 Monacensi
836 587 994 639 10719,
1024 585 1251 628 Basiliensi
1278 585 1328 628 F.
1349 584 1410 627 Π.
1434 588 1517 639 23.,
1550 585 1681 627 limbo

156 671 232 712 pro
253 656 371 698 varia
390 655 571 697 lectione
593 655 819 709 invenitur,
851 655 1000 698 eodem
1026 656 1152 698 modo
1175 671 1228 698 ex
1250 655 1388 698 Servii
1410 656 1680 698 adnot-atione

161 725 457 783 explicandum
496 731 561 768 est
598 741 681 782 quo
718 726 844 770 lectio
882 727 1096 770 Moretani
1136 726 1322 769 secundi.
1389 727 1507 779 Quid
1545 727 1684 769 enim?

152 798 280 850 Num,
311 803 360 838 ut
391 797 460 839 ille
492 796 606 850 dicit,
638 797 718 839 hoc
749 798 842 840 loco
873 804 1038 842 vestem
1058 798 1280 841 Minervae
1312 804 1682 841 commemoratam

155 883 248 911 esse
271 874 450 925 oportet,
471 869 570 925 quia
590 868 681 910 aliis
703 868 806 911 locis
828 869 1050 925 Vergilius
1071 869 1185 912 viros
1206 869 1465 926 feminasque
1488 869 1681 926 superbis

153 939 345 982 vestibus
376 945 546 981 ornatos
578 939 767 981 inducit?
817 939 954 991 Quasi
990 954 1075 981 non
1113 954 1259 982 omnes
1297 939 1455 982 heroici
1487 940 1680 982 carminis

155 1017 306 1068 poetae
337 1010 383 1053 id
412 1011 550 1054 facere
582 1011 777 1055 solerent.

275 1083 367 1125 Aut
397 1082 494 1125 ideo
528 1084 660 1125 limbo
690 1082 979 1139 recipiendum
1011 1088 1076 1125 est
1097 1083 1211 1139 quod
1238 1084 1282 1125 in
1303 1083 1476 1126 artificio
1498 1082 1681 1140 quodam

156 1154 379 1198 Minervae
418 1154 591 1212 peplum
626 1154 831 1197 latissimo
868 1154 997 1197 limbo
1035 1160 1226 1197 ornatum
1265 1156 1359 1198 est?

274 1225 531 1280 Weidner,‘2)
562 1231 611 1267 ut
643 1226 774 1267 limbo
806 1224 1017 1278 defendat,
1048 1225 1289 1269 Minervam
1313 1226 1579 1286 περσέπολιν
1609 1231 1682 1268 aut

156 1295 409 1358 ἐρυσίπολιν
439 1295 693 1355 descriptam
735 1295 915 1354 ideoque
954 1311 1058 1340 voce
1098 1297 1229 1341 limbo
1272 1296 1388 1355 pepli
1424 1296 1681 1341 mentionem

156 1369 310 1410 factam
343 1384 436 1410 0880
469 1374 661 1425 oportere
694 1368 807 1410 dicit.
869 1368 968 1421 Sed,
1000 1374 1047 1410 ut
1077 1369 1123 1410 id
1152 1370 1236 1422 fiat,
1268 1372 1367 1411 sane
1388 1369 1521 1410 multo
1547 1369 1679 1424 magis

154 1438 298 1495 galeae
331 1445 404 1481 aut
433 1438 578 1481 hastae
610 1439 767 1482 mentio
798 1439 888 1482 fieri
919 1438 1120 1493 debebat,
1151 1454 1277 1496 quam
1312 1438 1439 1496 pepli.
1499 1438 1687 1496 Peplum⁴

156 1511 265 1552 enim
297 1510 397 1552 belli
420 1516 583 1552 vestem
613 1525 699 1552 non
731 1525 836 1564 esse,
868 1510 944 1553 sed
975 1511 1104 1567 pacis,
1136 1511 1294 1567 optime
1327 1510 1566 1553 demontrat
1586 1510 1681 1552 Ho-

154 1596 293 1623 merus
324 1580 388 1633 11„
419 1580 478 1624 V.
513 1583 597 1624 733
630 1582 762 1637 sqq.3)

367 1649 526 1712 ,Αὐτὰρ
555 1649 786 1712 Ἀθηναίη,
818 1651 952 1712 κούρη
984 1652 1091 1705 Διὸς
1122 1651 1346 1711 αἰγιόχοιο,

367 1723 550 1768 Πέπλον
580 1723 657 1781 μὲν
688 1723 906 1779 κατέχευεν
936 1722 1059 1768 ἑανὸν
1089 1723 1257 1784 πατρὸς
1288 1720 1358 1768 ἐπ’
1395 1719 1525 1778 οῧδει,

366 1794 592 1850 Ποικίλον,
625 1790 673 1840 ὃν
703 1792 737 1854 ῥ’
763 1792 873 1855 αὕτη
904 1794 1124 1855 ποιήσατο
1163 1795 1238 1839 καὶ
1270 1793 1380 1851 κάμε
1409 1794 1560 1854 χερσίν.

362 1863 426 1910 ‘H
453 1866 500 1910 δὲ
530 1863 668 1922 χιτιῦν)
704 1866 859 1911 ἐνδῦσα
891 1864 998 1919 Διὸς
1027 1864 1353 1927 νεφεληγερέταο

372 1937 571 1992 Τεύχεσιν
602 1938 644 1990 ἐς
674 1936 867 1993 πόλεμον
897 1936 1150 1996 θωρήσσετο
1182 1936 1455 1996 δακρυόεντα.
1488 1952 1523 1979 0.
1545 1952 1585 1993 q.
1608 1952 1641 1980 s.

271 2013 370 2057 Hoc
390 2014 483 2057 loco
504 2013 714 2067 Minerva,
746 2028 841 2055 cum
866 2012 920 2055 ad
950 2012 1192 2056 bellandum
1223 2028 1268 2056 se
1295 2018 1521 2071 comparat,
1552 2013 1678 2071 peplo

155 2085 351 2143 deposito
383 2086 553 2128 chitona
582 2085 732 2127 induit.

272 2156 346 2200 Ad
366 2158 492 2200 finem
513 2157 795 2214 pervenimus.
829 2155 979 2199 Lectio
1001 2155 1151 2199 nimbo
1175 2156 1385 2212 effulyems
1405 2156 1505 2199 ferri
1525 2161 1678 2213 potest.

156 2231 195 2284 1)
240 2229 388 2271 eadem
432 2229 643 2271 sententia
685 2244 750 2270 ac:
813 2228 977 2283 fulgens
1022 2243 1075 2270 ex
1111 2228 1296 2270 tenebris
1333 2242 1410 2284 per
1439 2227 1678 2269 incendium

152 2300 306 2342 coortis
316 2316 326 2352 3
360 2302 400 2355 2)
434 2298 590 2343 eodem
606 2315 732 2343 sensu
764 2314 829 2342 ac:
863 2298 1085 2356 splendore
1107 2298 1285 2356 fulgens,
1316 2296 1432 2356 quod
1460 2312 1538 2355 ego
1559 2313 1680 2355 prae·-

151 2371 262 2423 fero;
297 2374 335 2425 3)
370 2372 502 2413 limbo
532 2385 669 2427 neque
701 2377 846 2427 aptum
878 2376 943 2412 est
973 2386 1109 2426 neque
1140 2371 1184 2411 in
1214 2371 1332 2413 libris
1353 2384 1480 2411 manu
1511 2369 1678 2425 scriptis

151 2441 366 2485 invenitur
373 2458 384 2495 3
432 2444 473 2498 4)
507 2456 633 2486 voces
671 2441 802 2485 nimbi
840 2447 883 2485 et
918 2441 1035 2486 limbi
1072 2457 1274 2501 persaepe
1305 2446 1490 2485 mutatae
1523 2443 1678 2499 sunt34)

245 2620 255 2628 ,
271 2585 301 2628 ¹)
326 2584 464 2630 Henry,
490 2583 732 2621 Fleckeisenii
756 2584 907 2622 annales
933 2584 1095 2621 LXXIII
1119 2595 1151 2631 p.
1178 2583 1249 2620 458
1272 2595 1324 2630 sq.

268 2643 303 2687 2)
328 2642 515 2688 Weidner,
540 2644 561 2679 l.
588 2643 609 2678 l.

267 2700 301 2746 ³)
328 2700 370 2737 cf.
399 2701 550 2746 Preller,
577 2700 809 2739 Griechisohe
834 2700 1073 2749 Mythologie.

268 2759 302 2812 ⁴)
328 2759 372 2797 cf.
400 2760 526 2809 Henry
550 2760 572 2796 l.
599 2760 622 2796 1,
