1826 3152
0 0 271 31 ῐξνν-,ψῬῆη-πμ-ῄῑε
350 8 353 14 ,
378 2 384 5 -
431 0 433 2 ·
459 0 472 18 κ
499 2 503 7 k
547 0 550 3 ¹

891 213 946 261 19

164 347 378 403 Olympus
408 351 481 390 aut
510 347 563 390 ab
583 347 678 404 ipso
697 346 918 390 Macrobio
943 360 1021 403 pro
1040 345 1223 403 genuina
1245 360 1432 401 Μαθητὰς
1459 345 1674 402 Olympus

158 418 340 476 positam
370 432 463 461 esse
494 423 568 461 aut
595 418 709 461 illam
739 418 784 461 in
814 418 905 461 eius
936 417 1081 461 codice
1111 416 1365 475 adscriptam
1394 416 1538 460 fuisse.

275 500 330 543 In
359 500 603 544 Mediceum
632 506 772 544 autem
801 501 904 544 haec
933 501 1058 544 lectio
1090 499 1240 544 eodem
1269 499 1396 543 modo
1432 500 1548 542 illata
1578 515 1673 543 esse

157 576 301 629 potest
330 586 414 629 quo
444 572 490 615 in
519 571 728 615 Macrobii
749 571 948 624 codicem,
977 572 1060 615 nisi
1079 571 1188 615 forte
1209 571 1291 614 alia
1309 571 1433 614 huius
1454 571 1516 614 rei
1537 571 1672 629 expli-

159 643 281 697 catio,
307 658 433 700 quam
452 642 561 686 infra
579 658 812 701 proponam
832 643 1106 701 praeferenda
1125 648 1202 687 est.
1243 642 1355 686 Nam
1375 658 1468 686 cum
1490 644 1673 701 antiquis

158 715 418 771 temporibus
459 715 718 771 grammatici
760 719 1058 768 scrutarentur,
1112 714 1264 771 quibus
1305 714 1409 757 locis
1452 714 1673 771 Vergilius

158 784 394 828 Homerum
429 785 615 828 imitatus
652 790 766 828 esset
776 786 804 841 1)
811 818 823 839 ,
858 785 1052 828 facillime
1089 783 1277 827 accidere
1313 790 1497 841 poterat,
1534 791 1600 839 ut,
1637 786 1674 828 si

158 856 253 898 loco
284 855 468 913 quodam
486 856 728 913 Vergilium
756 851 925 913 poetam
946 856 1155 899 Graecum
1184 856 1414 912 generatim
1434 862 1561 913 atque
1581 858 1674 900 uni-
1714 899 1717 902 Α

159 942 281 970 verse
324 927 532 969 imitatum
575 942 669 970 esse
705 927 957 985 apparebat,
993 928 1037 969 in
1080 927 1254 983 singulis
1296 927 1422 970 rebus
1459 928 1674 986 exemplar

160 1002 328 1040 secutus
358 1012 445 1039 non
476 1003 576 1051 erat,
605 998 665 1040 ibi
696 997 932 1054 corruptela
951 998 1169 1054 irrepsisse
1201 997 1261 1039 eis
1290 997 1515 1051 videretur,
1546 1014 1672 1055 quam

161 1082 308 1110 sanare
339 1083 461 1111 suum
482 1083 575 1111 esse
596 1068 895 1111 arbitrarentur
925 1094 980 1099 —
1011 1066 1092 1109 hoc
1111 1066 1250 1120 modo,
1280 1072 1329 1109 ut
1349 1069 1540 1126 exemplo
1567 1075 1673 1124 utar,

153 1140 332 1195 pliadas
361 1139 471 1183 Aen.
503 1138 589 1182 ΙΠ.
622 1141 720 1182 516.
757 1137 1050 1196 explicandum
1081 1143 1147 1180 est
1183 1165 1238 1169 —
1276 1145 1349 1181 aut
1384 1145 1449 1193 ut,
1486 1141 1522 1183 si
1559 1141 1673 1186 Ver-

158 1209 278 1267 gilio,
314 1215 362 1252 ut
390 1210 627 1253 Homerum
655 1210 905 1264 imitaretur,
940 1210 985 1252 in
1014 1215 1197 1252 mentem
1227 1225 1312 1252 non
1341 1218 1532 1265 venerat,
1568 1213 1672 1270 ipsis

160 1286 301 1323 autem
329 1281 446 1323 locus
477 1281 656 1323 Homeri
694 1281 755 1323 illi
784 1281 1052 1337 Vergiliano,
1088 1295 1214 1337 quem
1242 1281 1351 1323 forte
1380 1282 1592 1338 legebant,
1629 1285 1673 1326 in

161 1352 403 1395 universum
434 1352 599 1406 similis,
635 1352 679 1393 in
715 1351 841 1394 rebus
878 1351 1052 1408 singulis
1090 1350 1282 1395 diversus
1319 1358 1444 1395 notus
1477 1360 1582 1408 erat,
1619 1355 1672 1398 de

161 1438 211 1465 eo
242 1423 303 1465 ita
332 1422 622 1476 admonerent,
659 1428 707 1465 ut
741 1421 846 1464 illud
881 1422 1150 1476 vocabulum,
1187 1423 1301 1480 quod
1331 1424 1550 1481 Vergilius
1586 1441 1672 1468 non

160 1499 351 1536 accurate
381 1492 618 1536 reddidisse
650 1492 893 1547 videbatur,
928 1493 972 1535 in
1008 1493 1193 1550 linguam
1227 1494 1400 1537 latinam
1428 1511 1599 1539 versum
1629 1497 1671 1539 in

161 1565 249 1608 suis
279 1564 494 1608 codicibus
526 1564 821 1609 adscriberent.
880 1564 979 1607 Hoc
1008 1564 1135 1607 modo
1167 1567 1321 1621 lonyus
1357 1566 1401 1608 in
1431 1566 1674 1610 Mediceum

161 1637 329 1680 venisse
360 1642 484 1694 puto;
520 1651 606 1679 non
643 1636 754 1679 enim
782 1651 956 1693 possum
990 1635 1093 1678 mihi
1122 1635 1394 1693 persuadere,
1431 1637 1672 1682 Mediceum

158 1708 300 1765 potius
332 1707 592 1764 sequendum
623 1722 716 1750 esse
747 1722 872 1763 quam
892 1712 1053 1750 ceteros
1074 1706 1240 1749 codices
1261 1708 1367 1750 miro
1389 1723 1597 1752 consensu
1628 1716 1674 1753 et

160 1778 272 1820 inter
314 1793 359 1820 se
403 1783 447 1820 et
488 1792 583 1820 cum
624 1778 803 1821 testibus
846 1778 1029 1834 antiquis
1072 1783 1239 1835 praeter
1274 1778 1539 1821 Macrobium
1575 1795 1675 1823 con-

160 1849 347 1903 innctos3
385 1864 482 1892 nam
519 1848 555 1891 si
594 1850 747 1904 lorcyus
783 1863 808 1891 a
836 1854 964 1906 poeta
994 1848 1195 1905 scriptum
1225 1854 1356 1903 esset,
1392 1865 1478 1893 non
1514 1850 1676 1906 dubito,

161 1920 263 1977 quin
300 1925 467 1977 praeter
495 1919 739 1962 Mediceum
773 1934 881 1962 unus
898 1966 901 1968 ,
919 1925 962 1961 et
997 1919 1103 1961 alter
1138 1919 1273 1962 codex
1308 1920 1416 1963 hanc
1451 1922 1676 1966 lectionem

162 1996 403 2034 servaturus
433 1990 571 2033 fuerit.

278 2061 414 2119 Atqui
445 2061 587 2105 dicant
616 2061 794 2105 fortasse
810 2058 877 2115 ei,
908 2060 980 2118 qui
1012 2061 1165 2117 lonyus
1185 2060 1429 2118 defendunt,
1459 2077 1555 2106 cum
1586 2064 1675 2123 epi-

160 2132 308 2177 theton
330 2134 495 2189 lcmqus,
526 2133 601 2177 ubi
621 2132 774 2176 dicitur
793 2131 847 2175 de
867 2137 1022 2186 monte,
1052 2147 1137 2175 non
1158 2133 1214 2188 sit
1233 2134 1445 2188 usitatum,
1471 2135 1676 2190 librarios,

161 2211 235 2248 aut
264 2205 586 2264 interpolatores
623 2204 872 2258 mutavisse,
908 2203 1023 2260 quod
1059 2204 1162 2261 ipsis
1199 2210 1359 2247 rectum
1394 2220 1479 2248 non
1511 2205 1677 2249 videre-

160 2281 231 2319 tur
251 2281 326 2319 aut
355 2275 471 2333 quod
500 2291 587 2319 non
616 2275 917 2332 intellegerent.
962 2274 1049 2318 Sed
1068 2274 1252 2318 Hercule
1275 2277 1428 2332 lon-qus
1457 2292 1543 2320 non
1564 2284 1679 2321 esset

162 2362 248 2392 vox
277 2354 364 2393 tam
393 2348 510 2402 mira,
540 2353 588 2390 ut
618 2363 763 2391 omnes
794 2346 973 2401 codices,
1004 2361 1147 2390 omnes
1177 2352 1309 2390 testes
1339 2348 1445 2391 miro
1467 2364 1677 2394 consensu

161 2432 352 2474 magmas
380 2433 458 2475 pro
489 2433 541 2460 ea
569 2417 794 2460 traderent.
855 2417 944 2460 Cur
973 2418 1083 2460 enim
1113 2432 1198 2459 non
1227 2418 1336 2460 Aen.
1366 2418 1450 2461 XI.
1483 2422 1581 2463 544.

373 2498 476 2558 Ipse
507 2500 602 2543 sinu
629 2515 730 2558 prae
761 2515 807 2544 se
837 2505 1010 2559 portans
1031 2500 1129 2556 iuga
1156 2499 1282 2557 longa
1300 2501 1485 2558 petebat,

162 2571 421 2630 scripserunt
440 2586 616 2628 magma,
648 2586 744 2615 cum
772 2572 842 2615 hic
871 2586 1038 2630 quoque
1068 2576 1232 2614 montes
1262 2571 1427 2630 „longi“
1446 2576 1680 2619 vocentur?

282 2735 316 2796 ¹)
348 2747 403 2786 De
436 2749 508 2796 qna
540 2758 580 2786 re
604 2747 785 2795 conferas,
822 2757 914 2795 quae
936 2746 1157 2786 Ribbeckius
1180 2747 1219 2785 in
1242 2748 1509 2797 prolegomenis
1541 2751 1682 2791 criticis

161 2817 221 2858 pp.
248 2807 326 2846 112.
352 2808 431 2844 113.
457 2808 503 2847 de
526 2806 832 2846 obtrectatoribus
855 2806 1012 2855 Vergilii
1036 2807 1257 2858 conscripsit

1427 2876 1476 2922 2*
