1826 3152
878 218 939 271 33

150 351 291 415 itaque
321 356 516 401 facillime
543 356 634 401 fieri
655 354 837 415 poterat,
864 361 913 400 ut
931 352 1104 401 in‘libr‘o
1125 356 1319 415 quodam,
1349 371 1474 414 quem
1495 354 1670 401 Servius

150 427 403 487 inspexerat,
435 430 567 472 limbo
596 444 674 486 pro
705 430 856 479 nimbo
885 429 992 473 falso
1024 430 1285 473 scriberetur.

743 597 855 642 Aen.
887 597 941 642 X.
976 595 1078 641 290.

387 756 389 758 Ι
721 701 981 757 Speculatus
1013 702 1142 744 litora
1175 703 1382 758 Tarchon,

373 773 471 825 Qua
491 773 605 816 vada
624 786 716 814 non
735 773 914 828 spirant
947 787 1026 815 nec
1045 772 1188 828 fracta
1207 778 1512 817 remurmurat
1530 776 1666 829 unda,

367 845 453 888 Sed
480 859 603 887 mare
632 843 903 899 inoffensum
933 844 1139 886 crescenti
1168 845 1391 887 adlabitur
1420 850 1557 901 aestu,

281 966 285 970 .
364 916 566 958 Advertit
592 915 736 958 subito
761 929 959 971 proram.

269 1014 310 1041 v.
348 1000 432 1040 291
470 996 691 1039 Mediceus
735 998 913 1053 spirant
946 997 1090 1051 habet,
1133 998 1177 1040 in
1212 998 1405 1040 Palatino
1448 1005 1589 1041 autem
1626 1006 1670 1042 et

149 1068 343 1120 Romano
371 1072 519 1126 sperat
537 1068 761 1118 invenitur.
812 1067 961 1113 Servio
992 1074 1168 1126 utraque
1197 1069 1323 1112 lectio
1354 1075 1454 1113 nota
1484 1077 1560 1125 est,
1592 1070 1667 1114 sed

152 1145 302 1197 sperat
330 1139 605 1188 commendat,

268 1222 528 1266 Ribbeckius
559 1227 701 1265 autem
730 1237 831 1264 num
860 1227 973 1265 recte
1003 1226 1152 1278 sperat
1169 1223 1385 1280 receperit,
1416 1237 1667 1280 cognoscere

150 1309 236 1337 non
255 1294 486 1351 poterimus
516 1294 598 1337 nisi
628 1294 862 1336 accuratius
893 1293 1023 1335 totius
1043 1293 1125 1335 loci
1146 1300 1388 1337 contextum
1407 1298 1669 1352 perscrutati.

270 1376 439 1420 Aeneas
471 1391 566 1420 cum
595 1375 908 1435 Tyrrhenorum
944 1375 1075 1419 classe
1113 1375 1168 1419 ad
1202 1376 1302 1420 litus
1333 1376 1446 1420 Latii
1483 1378 1669 1437 appellit.

154 1447 265 1491 Cum
294 1449 475 1490 militum
504 1463 601 1505 pars
632 1463 763 1491 naves
798 1463 883 1490 non
913 1463 1085 1505 prorsus
1122 1448 1176 1490 ad
1206 1449 1342 1505 ripam
1371 1449 1596 1493 admoveat
1626 1457 1670 1492 et

152 1518 340 1562 saliendo
360 1524 515 1562 terram
535 1518 734 1576 consequi
755 1517 934 1573 studeat,
954 1517 1055 1561 dum
1074 1533 1187 1561 mare
1206 1533 1282 1576 per
1305 1525 1445 1562 aestus
1459 1535 1670 1564 recessum

151 1591 289 1633 minus
320 1589 575 1647 profundum
606 1595 682 1643 est,
712 1589 918 1643 Tarchon,
948 1588 1248 1632 audacissimus
1269 1590 1542 1634 Etruscorum
1571 1591 1671 1645 dux,

154 1675 285 1704 naves
322 1675 456 1717 usque
494 1659 549 1702 ad
584 1660 723 1717 ipsum
757 1660 857 1702 litus
893 1660 1019 1702 remis
1050 1660 1259 1716 appellere
1290 1666 1475 1703 conatur.
1536 1661 1669 1713 Quod

152 1732 241 1774 fieri
283 1746 370 1773 non
411 1736 595 1788 poterat,
637 1731 720 1772 nisi
763 1731 958 1788 scopulos
1002 1736 1046 1772 et
1087 1745 1189 1772 saxa
1230 1731 1309 1773 sub
1345 1731 1459 1774 unda
1494 1732 1669 1775 latentia

154 1802 343 1856 cavebat,
365 1802 516 1859 quibus
536 1817 590 1844 ne
611 1816 741 1845 naves
761 1801 1051 1859 frangerentur
1070 1801 1415 1860 solverenturque
1435 1803 1669 1861 periculum

154 1879 253 1917 erat.
298 1874 421 1926 Quae
452 1888 553 1916 saxa
573 1873 732 1927 abesse,
762 1888 874 1915 mare
894 1873 1033 1930 ipsum
1053 1872 1222 1927 indicat,
1253 1873 1459 1930 siquidem
1482 1875 1671 1931 quietum

154 1950 221 1987 est
264 1959 401 2002 neque
448 1944 598 2002 strepit
645 1958 781 2001 neque
823 1949 1064 1986 murmurat.
1142 1944 1285 1996 Quare
1326 1944 1521 1988 Tarchon
1569 1945 1670 1988 litus

154 2016 393 2073 speculatus
414 2015 638 2072 appulsum
658 2021 843 2069 conatur,
870 2030 953 2072 qua
972 2015 1083 2058 vada
1102 2030 1187 2057 non
1208 2016 1369 2072 spirant
1388 2016 1414 2058 i.
1427 2031 1463 2058 e.
1478 2022 1674 2059 aestuant

153 2100 202 2129 ac
224 2074 364 2129 *fracta
392 2090 669 2129 remurmurat
697 2084 822 2140 unda,
854 2085 931 2128 sed
959 2101 1072 2128 mare
1103 2085 1357 2128 inoffensum
1387 2091 1453 2129 est
1459 2100 1473 2140 ς·
1508 2102 1606 2129 nam
1637 2086 1674 2130 si

156 2172 258 2202 saxa
301 2158 380 2202 sub
423 2158 573 2216 pelago
616 2158 767 2211 latent,
805 2157 920 2199 unda
960 2157 1165 2214 frangitur
1205 2156 1385 2213 ideoque
1428 2163 1595 2200 aestuat
1631 2164 1675 2200 et

155 2234 396 2273 murmurat.
651 2231 653 2233 ’
1046 2229 1071 2246 ’·
1136 2229 1139 2231 ’

205 2338 207 2340 .
272 2300 350 2354 Sin
378 2306 520 2343 autem
550 2316 646 2343 cum
674 2300 910 2360 Ribbeckio
941 2315 1030 2356 qua
1066 2301 1179 2343 vada
1214 2314 1306 2343 non
1341 2304 1491 2357 sperat
1527 2300 1675 2344 scribi-

153 2384 262 2427 mus,
292 2386 440 2415 sensus
472 2372 642 2415 omnino
671 2371 802 2415 falsus
833 2372 978 2414 existit
985 2388 997 2426 ς
1039 2377 1129 2414 tum
1160 2371 1271 2414 enim
1300 2371 1495 2415 Tarchon
1526 2386 1676 2430 specu-

153 2441 283 2497 latur,
320 2457 422 2485 num
451 2443 642 2486 inveniat
676 2443 812 2485 litoris
848 2449 1033 2500 partem,
1065 2458 1148 2499 qua
1176 2458 1290 2485 mare
1320 2443 1577 2499 profundum
1608 2443 1676 2486 sit.

155 2511 268 2559 Nam
297 2513 375 2559 ubi
387 2512 514 2559 „vada
533 2512 699 2569 desunt,
728 2528 842 2562 mare
863 2512 1118 2572 profundum
1138 2518 1214 2557 est.
1258 2512 1345 2557 Sed
1364 2514 1491 2557 maris
1511 2520 1678 2573 partem

155 2585 408 2645 profundam
443 2586 639 2629 Tarchon
674 2601 760 2629 non
796 2587 970 2643 quaerit.
1030 2585 1167 2628 Immo
1204 2600 1300 2627 cum
1336 2600 1506 2628 arenam
1541 2586 1679 2643 ipsam

156 2656 297 2702 carina
335 2657 495 2701 sulcare
531 2656 655 2711 velit,
699 2672 750 2700 eo
786 2672 912 2715 prora
948 2657 988 2700 ei
1024 2653 1296 2709 advertenda
1316 2662 1405 2711 vest,
1440 2658 1526 2703 ubi
1560 2658 1682 2704 Vada

156 2720 356 2787 sperat}
379 2728 416 2772 is
446 2728 564 2772 locus
594 2733 753 2783 autem,
784 2743 868 2786 quo
898 2727 1010 2772 vada
1038 2741 1136 2774 non
1166 2730 1347 2786 sperat,
1384 2728 1440 2771 ad
1470 2728 1534 2782 id,
1564 2728 1681 2786 quod

156 2799 202 2850 in
232 2801 371 2848 animo
384 2853 388 2857 ,
401 2800 540 2858 habet,
560 2799 884 2861 perficiendum,
899 2799 1069 2863 minime
1099 2798 1279 2844 idoneus
1311 2805 1387 2856 est,
1432 2799 1485 2844 cf.
1508 2803 1594 2846 295
1616 2816 1680 2861 sq.

1449 2885 1473 2934 3

0 3117 86 3152 Ξλεὺῗῆἶῖ
138 3139 158 3152 -.
201 3117 207 3140 'J
301 3143 306 3149 ›
